<?xml version="1.0" encoding="UTF-8"?>
<!DOCTYPE html PUBLIC "-//W3C//DTD XHTML 1.0 Transitional//EN"
    "http://www.w3.org/TR/xhtml1/DTD/xhtml1-transitional.dtd">
<html xmlns="http://www.w3.org/1999/xhtml" xml:lang="en" lang="en">
 <head>
  <title>
</title>
<meta http-equiv="Content-Type" content="text/html;charset=utf-8" />
  <meta name='ocr-system' content='tesseract 3.04.00' />
  <meta name='ocr-capabilities' content='ocr_page ocr_carea ocr_par ocr_line ocrx_word'/>
</head>
<body>
  <div class='ocr_page' id='page_1' title='image "./theonissmyrnaei00calcgoog_0187.png"; bbox 0 0 2958 4824; ppageno 0'>
   <div class='ocr_carea' id='block_1_1' title="bbox 10 841 14 2228">
    <p class='ocr_par' dir='ltr' id='par_1_1' title="bbox 10 841 14 2228">
     <span class='ocr_line' id='line_1_1' title="bbox 10 841 12 876; baseline 0 0"><span class='ocrx_word' id='word_1_1' title='bbox 10 841 12 876; x_wconf 91' lang='grc' dir='ltr'>Ι</span> 
     </span>
     <span class='ocr_line' id='line_1_2' title="bbox 10 963 13 1000; baseline 0 0"><span class='ocrx_word' id='word_1_2' title='bbox 10 963 13 1000; x_wconf 99' lang='grc' dir='ltr'>Ι</span> 
     </span>
     <span class='ocr_line' id='line_1_3' title="bbox 10 1083 14 1126; baseline 0 0"><span class='ocrx_word' id='word_1_3' title='bbox 10 1083 14 1126; x_wconf 97' lang='grc' dir='ltr'>Ι</span> 
     </span>
     <span class='ocr_line' id='line_1_4' title="bbox 10 1187 14 1274; baseline 0 -24"><span class='ocrx_word' id='word_1_4' title='bbox 10 1187 14 1274; x_wconf 71' lang='lat' dir='ltr'><strong>Q·</strong></span> 
     </span>
     <span class='ocr_line' id='line_1_5' title="bbox 10 1329 14 1370; baseline 0 0"><span class='ocrx_word' id='word_1_5' title='bbox 10 1329 14 1370; x_wconf 87' lang='grc' dir='ltr'>Ι</span> 
     </span>
     <span class='ocr_line' id='line_1_6' title="bbox 10 1453 13 1494; baseline 0 0"><span class='ocrx_word' id='word_1_6' title='bbox 10 1453 13 1494; x_wconf 94' lang='grc' dir='ltr'>Ι</span> 
     </span>
     <span class='ocr_line' id='line_1_7' title="bbox 10 1577 12 1616; baseline 0 0"><span class='ocrx_word' id='word_1_7' title='bbox 10 1577 12 1616; x_wconf 96' lang='grc' dir='ltr'>Ι</span> 
     </span>
     <span class='ocr_line' id='line_1_8' title="bbox 10 1697 13 1738; baseline 0 0"><span class='ocrx_word' id='word_1_8' title='bbox 10 1697 13 1738; x_wconf 94' lang='grc' dir='ltr'>Ι</span> 
     </span>
     <span class='ocr_line' id='line_1_9' title="bbox 10 1823 12 1862; baseline 0 0"><span class='ocrx_word' id='word_1_9' title='bbox 10 1823 12 1862; x_wconf 98' lang='grc' dir='ltr'>Ι</span> 
     </span>
     <span class='ocr_line' id='line_1_10' title="bbox 10 1947 12 1984; baseline 0 0"><span class='ocrx_word' id='word_1_10' title='bbox 10 1947 12 1984; x_wconf 97' lang='grc' dir='ltr'>Ι</span> 
     </span>
     <span class='ocr_line' id='line_1_11' title="bbox 10 2067 12 2106; baseline 0 0"><span class='ocrx_word' id='word_1_11' title='bbox 10 2067 12 2106; x_wconf 99' lang='grc' dir='ltr'>Ι</span> 
     </span>
     <span class='ocr_line' id='line_1_12' title="bbox 10 2193 12 2228; baseline 0 0"><span class='ocrx_word' id='word_1_12' title='bbox 10 2193 12 2228; x_wconf 94' lang='grc' dir='ltr'>Ι</span> 
     </span>
    </p>
   </div>
   <div class='ocr_carea' id='block_1_2' title="bbox 469 407 1166 474">
    <p class='ocr_par' dir='ltr' id='par_1_2' title="bbox 469 407 1166 474">
     <span class='ocr_line' id='line_1_13' title="bbox 469 407 1166 474; baseline 0.003 -4"><span class='ocrx_word' id='word_1_13' title='bbox 469 408 525 470; x_wconf 87' lang='lat' dir='ltr'><strong>DE</strong></span> <span class='ocrx_word' id='word_1_14' title='bbox 549 407 846 474; x_wconf 76' lang='lat' dir='ltr'><strong>as‘rflottotssa.</strong></span> <span class='ocrx_word' id='word_1_15' title='bbox 1106 410 1166 472; x_wconf 75' lang='lat'><strong>173</strong></span> 
     </span>
    </p>
   </div>
   <div class='ocr_carea' id='block_1_3' title="bbox 571 601 747 661">
    <p class='ocr_par' dir='ltr' id='par_1_3' title="bbox 571 601 747 661">
     <span class='ocr_line' id='line_1_14' title="bbox 571 601 747 661; baseline -0.011 -13"><span class='ocrx_word' id='word_1_16' title='bbox 571 601 671 661; x_wconf 74' lang='lat' dir='ltr'><strong>[cerua</strong></span> <span class='ocrx_word' id='word_1_17' title='bbox 686 603 747 660; x_wconf 77' lang='lat' dir='ltr'><strong>nn]</strong></span> 
     </span>
    </p>
   </div>
   <div class='ocr_carea' id='block_1_4' title="bbox 365 720 836 784">
    <p class='ocr_par' dir='ltr' id='par_1_4' title="bbox 365 720 836 784">
     <span class='ocr_line' id='line_1_15' title="bbox 365 720 836 784; baseline -0.002 -2"><span class='ocrx_word' id='word_1_18' title='bbox 365 720 367 726; x_wconf 88' lang='lat'>&#39;</span> <span class='ocrx_word' id='word_1_19' title='bbox 482 735 524 782; x_wconf 82' lang='lat' dir='ltr'><strong>oa</strong></span> <span class='ocrx_word' id='word_1_20' title='bbox 542 734 704 784; x_wconf 77' lang='lat' dir='ltr'><strong>ranarius</strong></span> <span class='ocrx_word' id='word_1_21' title='bbox 720 734 836 784; x_wconf 78' lang='lat' dir='ltr'><strong>asrms.</strong></span> 
     </span>
    </p>
   </div>
   <div class='ocr_carea' id='block_1_5' title="bbox 152 899 1175 2576">
    <p class='ocr_par' dir='ltr' id='par_1_5' title="bbox 152 899 1175 2576">
     <span class='ocr_line' id='line_1_16' title="bbox 205 899 1170 994; baseline -0.003 -24"><span class='ocrx_word' id='word_1_22' title='bbox 205 900 317 970; x_wconf 89' lang='lat' dir='ltr'><strong>Solet</strong></span> <span class='ocrx_word' id='word_1_23' title='bbox 340 899 451 979; x_wconf 88' lang='lat' dir='ltr'><strong>Luna,</strong></span> <span class='ocrx_word' id='word_1_24' title='bbox 472 912 507 970; x_wconf 92' lang='lat' dir='ltr'><strong>et</strong></span> <span class='ocrx_word' id='word_1_25' title='bbox 528 899 661 994; x_wconf 89' lang='lat' dir='ltr'><strong>reliqua</strong></span> <span class='ocrx_word' id='word_1_26' title='bbox 684 901 801 970; x_wconf 92' lang='lat' dir='ltr'><strong>omnia</strong></span> <span class='ocrx_word' id='word_1_27' title='bbox 823 912 909 968; x_wconf 88' lang='lat' dir='ltr'><strong>astra</strong></span> <span class='ocrx_word' id='word_1_28' title='bbox 929 917 1006 992; x_wconf 88' lang='lat' dir='ltr'><strong>quae</strong></span> <span class='ocrx_word' id='word_1_29' title='bbox 1029 899 1170 968; x_wconf 81' lang='lat' dir='ltr'><strong>erratica</strong></span> 
     </span>
     <span class='ocr_line' id='line_1_17' title="bbox 154 1018 1169 1102; baseline -0.002 -10"><span class='ocrx_word' id='word_1_30' title='bbox 154 1021 325 1102; x_wconf 88' lang='lat' dir='ltr'><strong>dicuntur,</strong></span> <span class='ocrx_word' id='word_1_31' title='bbox 334 1022 439 1093; x_wconf 59' lang='lat' dir='ltr'><strong>,simul</strong></span> <span class='ocrx_word' id='word_1_32' title='bbox 452 1019 610 1090; x_wconf 75' lang='lat' dir='ltr'><strong>lemmtm</strong></span> <span class='ocrx_word' id='word_1_33' title='bbox 618 1043 699 1090; x_wconf 91' lang='lat' dir='ltr'><strong>cum</strong></span> <span class='ocrx_word' id='word_1_34' title='bbox 708 1021 868 1094; x_wconf 88' lang='lat' dir='ltr'><strong>universo</strong></span> <span class='ocrx_word' id='word_1_35' title='bbox 879 1018 1008 1096; x_wconf 87' lang='lat' dir='ltr'><strong>abortu</strong></span> <span class='ocrx_word' id='word_1_36' title='bbox 1018 1018 1061 1088; x_wconf 91' lang='lat' dir='ltr'><strong>ad</strong></span> <span class='ocrx_word' id='word_1_37' title='bbox 1074 1043 1169 1090; x_wconf 91' lang='lat' dir='ltr'><strong>occa·</strong></span> 
     </span>
     <span class='ocr_line' id='line_1_18' title="bbox 153 1111 1171 1236; baseline -0.001 -24"><span class='ocrx_word' id='word_1_38' title='bbox 153 1167 231 1212; x_wconf 89' lang='lat' dir='ltr'><strong>sum</strong></span> <span class='ocrx_word' id='word_1_39' title='bbox 259 1111 459 1236; x_wconf 78' lang='lat' dir='ltr'><strong>quotidiana</strong></span> <span class='ocrx_word' id='word_1_40' title='bbox 483 1142 720 1218; x_wconf 84' lang='lat' dir='ltr'>conversione,</span> <span class='ocrx_word' id='word_1_41' title='bbox 747 1139 1044 1234; x_wconf 83' lang='lat' dir='ltr'><strong>quemadmodum</strong></span> <span class='ocrx_word' id='word_1_42' title='bbox 1067 1144 1171 1212; x_wconf 89' lang='lat' dir='ltr'><strong>etiam</strong></span> 
     </span>
     <span class='ocr_line' id='line_1_19' title="bbox 152 1260 1172 1362; baseline 0.002 -30"><span class='ocrx_word' id='word_1_43' title='bbox 152 1267 343 1334; x_wconf 79' lang='lat' dir='ltr'><strong>inerrantes</strong></span> <span class='ocrx_word' id='word_1_44' title='bbox 366 1263 487 1344; x_wconf 72' lang='lat' dir='ltr'><strong>stenae,</strong></span> <span class='ocrx_word' id='word_1_45' title='bbox 507 1260 567 1331; x_wconf 92' lang='lat' dir='ltr'><strong>sed</strong></span> <span class='ocrx_word' id='word_1_46' title='bbox 584 1260 753 1362; x_wconf 71' lang='lat' dir='ltr'><strong>videntem</strong></span> <span class='ocrx_word' id='word_1_47' title='bbox 767 1260 920 1356; x_wconf 87' lang='lat' dir='ltr'><strong>quotidie</strong></span> <span class='ocrx_word' id='word_1_48' title='bbox 944 1262 1027 1333; x_wconf 88' lang='lat' dir='ltr'><strong>alios</strong></span> <span class='ocrx_word' id='word_1_49' title='bbox 1044 1261 1172 1335; x_wconf 88' lang='lat' dir='ltr'><strong>multos</strong></span> 
     </span>
     <span class='ocr_line' id='line_1_20' title="bbox 154 1381 1171 1480; baseline -0.001 -26"><span class='ocrx_word' id='word_1_50' title='bbox 154 1399 189 1454; x_wconf 90' lang='lat' dir='ltr'><strong>et</strong></span> <span class='ocrx_word' id='word_1_51' title='bbox 207 1387 316 1456; x_wconf 89' lang='lat' dir='ltr'><strong>varios</strong></span> <span class='ocrx_word' id='word_1_52' title='bbox 331 1386 469 1480; x_wconf 76' lang='lat' dir='ltr'><strong>exsequi</strong></span> <span class='ocrx_word' id='word_1_53' title='bbox 484 1397 609 1454; x_wconf 89' lang='lat' dir='ltr'><strong>motus.</strong></span> <span class='ocrx_word' id='word_1_54' title='bbox 630 1383 787 1478; x_wconf 87' lang='lat' dir='ltr'><strong>Namque</strong></span> <span class='ocrx_word' id='word_1_55' title='bbox 806 1381 848 1452; x_wconf 91' lang='lat' dir='ltr'><strong>ad</strong></span> <span class='ocrx_word' id='word_1_56' title='bbox 867 1385 1044 1476; x_wconf 87' lang='lat' dir='ltr'><strong>sequentia</strong></span> <span class='ocrx_word' id='word_1_57' title='bbox 1061 1384 1171 1479; x_wconf 83' lang='lat' dir='ltr'><strong>signo-</strong></span> 
     </span>
     <span class='ocr_line' id='line_1_21' title="bbox 153 1503 1171 1600; baseline 0 -24"><span class='ocrx_word' id='word_1_58' title='bbox 153 1529 233 1576; x_wconf 88' lang='lat' dir='ltr'><strong>rum</strong></span> <span class='ocrx_word' id='word_1_59' title='bbox 250 1519 442 1586; x_wconf 87' lang='lat' dir='ltr'><strong>transeunt,</strong></span> <span class='ocrx_word' id='word_1_60' title='bbox 464 1529 578 1600; x_wconf 88' lang='lat' dir='ltr'><strong>neque</strong></span> <span class='ocrx_word' id='word_1_61' title='bbox 599 1527 680 1575; x_wconf 88' lang='lat' dir='ltr'><strong>vero</strong></span> <span class='ocrx_word' id='word_1_62' title='bbox 700 1503 743 1574; x_wconf 88' lang='lat' dir='ltr'><strong>ad</strong></span> <span class='ocrx_word' id='word_1_63' title='bbox 761 1503 1010 1586; x_wconf 85' lang='lat' dir='ltr'><strong>antecedentia,</strong></span> <span class='ocrx_word' id='word_1_64' title='bbox 1031 1507 1171 1600; x_wconf 88' lang='lat' dir='ltr'><strong>proprio</strong></span> 
     </span>
     <span class='ocr_line' id='line_1_22' title="bbox 153 1625 1171 1723; baseline 0.002 -27"><span class='ocrx_word' id='word_1_65' title='bbox 153 1625 217 1696; x_wconf 83' lang='lat' dir='ltr'><strong>sibi</strong></span> <span class='ocrx_word' id='word_1_66' title='bbox 241 1651 372 1723; x_wconf 86' lang='lat' dir='ltr'><strong>gressu,</strong></span> <span class='ocrx_word' id='word_1_67' title='bbox 398 1629 432 1694; x_wconf 92' lang='lat' dir='ltr'><strong>in</strong></span> <span class='ocrx_word' id='word_1_68' title='bbox 459 1628 665 1697; x_wconf 84' lang='lat' dir='ltr'><strong>contrariam</strong></span> <span class='ocrx_word' id='word_1_69' title='bbox 691 1640 793 1721; x_wconf 89' lang='lat' dir='ltr'><strong>atque</strong></span> <span class='ocrx_word' id='word_1_70' title='bbox 815 1629 1014 1698; x_wconf 87' lang='lat' dir='ltr'><strong>universum</strong></span> <span class='ocrx_word' id='word_1_71' title='bbox 1038 1641 1171 1722; x_wconf 82' lang='lat' dir='ltr'><strong>partem</strong></span> 
     </span>
     <span class='ocr_line' id='line_1_23' title="bbox 153 1747 1173 1844; baseline 0.001 -27"><span class='ocrx_word' id='word_1_72' title='bbox 153 1751 285 1827; x_wconf 89' lang='lat' dir='ltr'><strong>euntia,</strong></span> <span class='ocrx_word' id='word_1_73' title='bbox 310 1772 352 1818; x_wconf 89' lang='lat' dir='ltr'><strong>eo</strong></span> <span class='ocrx_word' id='word_1_74' title='bbox 378 1762 477 1820; x_wconf 87' lang='lat' dir='ltr'><strong>motu</strong></span> <span class='ocrx_word' id='word_1_75' title='bbox 502 1773 582 1828; x_wconf 91' lang='lat' dir='ltr'><strong>suo,</strong></span> <span class='ocrx_word' id='word_1_76' title='bbox 612 1750 672 1842; x_wconf 93' lang='lat' dir='ltr'><strong>qui</strong></span> <span class='ocrx_word' id='word_1_77' title='bbox 698 1748 893 1825; x_wconf 84' lang='lat' dir='ltr'><strong>secundum¹</strong></span> <span class='ocrx_word' id='word_1_78' title='bbox 920 1747 1173 1844; x_wconf 85' lang='lat' dir='ltr'><strong>longitudinem</strong></span> 
     </span>
     <span class='ocr_line' id='line_1_24' title="bbox 153 1857 1172 1964; baseline 0 -24"><span class='ocrx_word' id='word_1_79' title='bbox 153 1889 224 1940; x_wconf 87' lang='lat' dir='ltr'><strong>esse</strong></span> <span class='ocrx_word' id='word_1_80' title='bbox 240 1868 379 1944; x_wconf 68' lang='lat' dir='ltr'><strong>dieitur,</strong></span> <span class='ocrx_word' id='word_1_81' title='bbox 395 1869 464 1940; x_wconf 89' lang='lat' dir='ltr'><strong>Sed</strong></span> <span class='ocrx_word' id='word_1_82' title='bbox 486 1884 520 1940; x_wconf 90' lang='lat' dir='ltr'><strong>et</strong></span> <span class='ocrx_word' id='word_1_83' title='bbox 540 1868 583 1940; x_wconf 89' lang='lat' dir='ltr'><strong>ab</strong></span> <span class='ocrx_word' id='word_1_84' title='bbox 602 1870 783 1964; x_wconf 86' lang='lat' dir='ltr'><strong>aquiloniis</strong></span> <span class='ocrx_word' id='word_1_85' title='bbox 804 1869 847 1940; x_wconf 91' lang='lat' dir='ltr'><strong>ad</strong></span> <span class='ocrx_word' id='word_1_86' title='bbox 869 1871 1026 1942; x_wconf 89' lang='lat' dir='ltr'><strong>australia</strong></span> <span class='ocrx_word' id='word_1_87' title='bbox 1046 1884 1080 1940; x_wconf 88' lang='lat' dir='ltr'><strong>et</strong></span> <span class='ocrx_word' id='word_1_88' title='bbox 1099 1857 1172 1942; x_wconf 79' lang='lat' dir='ltr'><strong>vice</strong></span> 
     </span>
     <span class='ocr_line' id='line_1_25' title="bbox 152 1991 1173 2074; baseline 0.002 -12"><span class='ocrx_word' id='word_1_89' title='bbox 152 2015 248 2062; x_wconf 85' lang='lat' dir='ltr'><strong>versa</strong></span> <span class='ocrx_word' id='word_1_90' title='bbox 260 2005 519 2074; x_wconf 85' lang='lat' dir='ltr'><strong>convertuntur,</strong></span> <span class='ocrx_word' id='word_1_91' title='bbox 536 1991 620 2060; x_wconf 86' lang='lat' dir='ltr'><strong>dum</strong></span> <span class='ocrx_word' id='word_1_92' title='bbox 634 1995 845 2065; x_wconf 85' lang='lat' dir='ltr'><strong>contrarium</strong></span> <span class='ocrx_word' id='word_1_93' title='bbox 861 1995 1022 2064; x_wconf 85' lang='lat' dir='ltr'><strong>universo</strong></span> <span class='ocrx_word' id='word_1_94' title='bbox 1034 2004 1173 2064; x_wconf 81' lang='lat' dir='ltr'><strong>cursum</strong></span> 
     </span>
     <span class='ocr_line' id='line_1_26' title="bbox 154 2110 1174 2208; baseline 0.002 -26"><span class='ocrx_word' id='word_1_95' title='bbox 154 2110 351 2207; x_wconf 86' lang='lat' dir='ltr'><strong>perficiunt,</strong></span> <span class='ocrx_word' id='word_1_96' title='bbox 373 2127 408 2182; x_wconf 91' lang='lat' dir='ltr'><strong>et</strong></span> <span class='ocrx_word' id='word_1_97' title='bbox 423 2115 567 2186; x_wconf 88' lang='lat' dir='ltr'><strong>omnino</strong></span> <span class='ocrx_word' id='word_1_98' title='bbox 585 2111 628 2184; x_wconf 91' lang='lat' dir='ltr'><strong>ab</strong></span> <span class='ocrx_word' id='word_1_99' title='bbox 643 2115 757 2186; x_wconf 88' lang='lat' dir='ltr'><strong>aestivo</strong></span> <span class='ocrx_word' id='word_1_100' title='bbox 773 2117 905 2208; x_wconf 88' lang='lat' dir='ltr'><strong>tropico</strong></span> <span class='ocrx_word' id='word_1_101' title='bbox 925 2113 969 2185; x_wconf 93' lang='lat' dir='ltr'><strong>ad</strong></span> <span class='ocrx_word' id='word_1_102' title='bbox 987 2113 1174 2184; x_wconf 89' lang='lat' dir='ltr'><strong>hibernum</strong></span> 
     </span>
     <span class='ocr_line' id='line_1_27' title="bbox 156 2233 1174 2331; baseline 0.004 -29"><span class='ocrx_word' id='word_1_103' title='bbox 156 2247 191 2302; x_wconf 89' lang='lat' dir='ltr'><strong>et</strong></span> <span class='ocrx_word' id='word_1_104' title='bbox 211 2236 283 2303; x_wconf 88' lang='lat' dir='ltr'><strong>vioe</strong></span> <span class='ocrx_word' id='word_1_105' title='bbox 307 2259 404 2306; x_wconf 84' lang='lat' dir='ltr'><strong>versa</strong></span> <span class='ocrx_word' id='word_1_106' title='bbox 421 2261 491 2306; x_wconf 89' lang='lat' dir='ltr'><strong>sese</strong></span> <span class='ocrx_word' id='word_1_107' title='bbox 510 2233 661 2306; x_wconf 79' lang='lat' dir='ltr'><strong>ferentia·</strong></span> <span class='ocrx_word' id='word_1_108' title='bbox 677 2249 819 2330; x_wconf 87' lang='lat' dir='ltr'><strong>propter</strong></span> <span class='ocrx_word' id='word_1_109' title='bbox 844 2235 972 2308; x_wconf 88' lang='lat' dir='ltr'><strong>zodiaci</strong></span> <span class='ocrx_word' id='word_1_110' title='bbox 995 2235 1174 2331; x_wconf 88' lang='lat' dir='ltr'><strong>obliquita-</strong></span> 
     </span>
     <span class='ocr_line' id='line_1_28' title="bbox 156 2357 1174 2454; baseline 0.005 -31"><span class='ocrx_word' id='word_1_111' title='bbox 156 2367 242 2435; x_wconf 89' lang='lat' dir='ltr'><strong>tem,</strong></span> <span class='ocrx_word' id='word_1_112' title='bbox 258 2357 312 2436; x_wconf 88' lang='lat' dir='ltr'><strong>iis,</strong></span> <span class='ocrx_word' id='word_1_113' title='bbox 328 2383 346 2426; x_wconf 91' lang='lat' dir='ltr'><strong>a</strong></span> <span class='ocrx_word' id='word_1_114' title='bbox 361 2357 485 2451; x_wconf 83' lang='lat' dir='ltr'><strong>quibus</strong></span> <span class='ocrx_word' id='word_1_115' title='bbox 499 2383 646 2454; x_wconf 85' lang='lat' dir='ltr'><strong>semper,</strong></span> <span class='ocrx_word' id='word_1_116' title='bbox 667 2357 914 2434; x_wconf 86' lang='lat' dir='ltr'><strong>observantur:</strong></span> <span class='ocrx_word' id='word_1_117' title='bbox 931 2363 966 2430; x_wconf 91' lang='lat' dir='ltr'><strong>in</strong></span> <span class='ocrx_word' id='word_1_118' title='bbox 981 2361 1052 2452; x_wconf 90' lang='lat' dir='ltr'><strong>ipsa</strong></span> <span class='ocrx_word' id='word_1_119' title='bbox 1072 2361 1174 2430; x_wconf 85' lang='lat' dir='ltr'><strong>etiam</strong></span> 
     </span>
     <span class='ocr_line' id='line_1_29' title="bbox 158 2475 1175 2576; baseline 0.006 -32"><span class='ocrx_word' id='word_1_120' title='bbox 158 2475 284 2546; x_wconf 88' lang='lat' dir='ltr'><strong>zodiaci</strong></span> <span class='ocrx_word' id='word_1_121' title='bbox 308 2478 487 2550; x_wconf 84' lang='lat' dir='ltr'><strong>latitudine</strong></span> <span class='ocrx_word' id='word_1_122' title='bbox 512 2505 606 2551; x_wconf 87' lang='lat' dir='ltr'><strong>nunc</strong></span> <span class='ocrx_word' id='word_1_123' title='bbox 629 2484 735 2576; x_wconf 86' lang='lat' dir='ltr'><strong>magis</strong></span> <span class='ocrx_word' id='word_1_124' title='bbox 758 2480 801 2552; x_wconf 93' lang='lat' dir='ltr'><strong>ad</strong></span> <span class='ocrx_word' id='word_1_125' title='bbox 825 2481 1042 2575; x_wconf 82' lang='lat' dir='ltr'><strong>aquilonem,</strong></span> <span class='ocrx_word' id='word_1_126' title='bbox 1069 2505 1175 2576; x_wconf 90' lang='lat' dir='ltr'><strong>quam</strong></span> 
     </span>
    </p>
   </div>
   <div class='ocr_carea' id='block_1_6' title="bbox 120 2598 1175 2699">
    <p class='ocr_par' dir='ltr' id='par_1_6' title="bbox 120 2598 1175 2699">
     <span class='ocr_line' id='line_1_30' title="bbox 120 2598 1175 2699; baseline 0.006 -33"><span class='ocrx_word' id='word_1_127' title='bbox 120 2627 123 2642; x_wconf 91' lang='grc'><em>·</em></span> <span class='ocrx_word' id='word_1_128' title='bbox 157 2612 206 2668; x_wconf 89' lang='lat' dir='ltr'><strong>est</strong></span> <span class='ocrx_word' id='word_1_129' title='bbox 228 2598 361 2674; x_wconf 89' lang='lat' dir='ltr'><strong>medius</strong></span> <span class='ocrx_word' id='word_1_130' title='bbox 384 2625 446 2694; x_wconf 87' lang='lat' dir='ltr'><strong>per</strong></span> <span class='ocrx_word' id='word_1_131' title='bbox 469 2604 562 2699; x_wconf 84' lang='lat' dir='ltr'><strong>signa</strong></span> <span class='ocrx_word' id='word_1_132' title='bbox 584 2603 746 2684; x_wconf 85' lang='lat' dir='ltr'><strong>circulus,</strong></span> <span class='ocrx_word' id='word_1_133' title='bbox 765 2605 961 2697; x_wconf 85' lang='lat' dir='ltr'><strong>apparentia</strong></span> <span class='ocrx_word' id='word_1_134' title='bbox 978 2616 1014 2672; x_wconf 88' lang='lat' dir='ltr'><strong>et</strong></span> <span class='ocrx_word' id='word_1_135' title='bbox 1036 2617 1120 2675; x_wconf 88' lang='lat' dir='ltr'><strong>tunc</strong></span> <span class='ocrx_word' id='word_1_136' title='bbox 1139 2606 1175 2672; x_wconf 92' lang='lat' dir='ltr'><strong>in</strong></span> 
     </span>
    </p>
   </div>
   <div class='ocr_carea' id='block_1_7' title="bbox 156 2720 1176 3308">
    <p class='ocr_par' dir='ltr' id='par_1_7' title="bbox 156 2720 1176 3308">
     <span class='ocr_line' id='line_1_31' title="bbox 156 2720 1175 2822; baseline 0.005 -31"><span class='ocrx_word' id='word_1_137' title='bbox 156 2720 372 2792; x_wconf 86' lang='lat' dir='ltr'><strong>altitudinem</strong></span> <span class='ocrx_word' id='word_1_138' title='bbox 384 2721 465 2794; x_wconf 80' lang='lat' dir='ltr'><strong>ferri</strong></span> <span class='ocrx_word' id='word_1_139' title='bbox 483 2724 586 2807; x_wconf 88' lang='lat' dir='ltr'><strong>dicta,</strong></span> <span class='ocrx_word' id='word_1_140' title='bbox 600 2752 694 2796; x_wconf 90' lang='lat' dir='ltr'><strong>nunc</strong></span> <span class='ocrx_word' id='word_1_141' title='bbox 706 2728 812 2822; x_wconf 86' lang='lat' dir='ltr'><strong>magis</strong></span> <span class='ocrx_word' id='word_1_142' title='bbox 828 2725 871 2796; x_wconf 90' lang='lat' dir='ltr'><strong>ad</strong></span> <span class='ocrx_word' id='word_1_143' title='bbox 889 2737 1045 2796; x_wconf 81' lang='lat' dir='ltr'><strong>austrum</strong></span> <span class='ocrx_word' id='word_1_144' title='bbox 1061 2729 1175 2796; x_wconf 86' lang='lat' dir='ltr'><strong>euntia</strong></span> 
     </span>
     <span class='ocr_line' id='line_1_32' title="bbox 158 2843 1175 2943; baseline 0.007 -32"><span class='ocrx_word' id='word_1_145' title='bbox 158 2857 191 2912; x_wconf 89' lang='lat' dir='ltr'><strong>et</strong></span> <span class='ocrx_word' id='word_1_146' title='bbox 205 2843 350 2939; x_wconf 84' lang='lat' dir='ltr'><strong>dejecta,</strong></span> <span class='ocrx_word' id='word_1_147' title='bbox 366 2845 557 2942; x_wconf 90' lang='lat' dir='ltr'><strong>etquidem</strong></span> <span class='ocrx_word' id='word_1_148' title='bbox 572 2848 637 2918; x_wconf 86' lang='lat' dir='ltr'><strong>alia</strong></span> <span class='ocrx_word' id='word_1_149' title='bbox 650 2851 771 2943; x_wconf 84' lang='lat' dir='ltr'><strong>magis,</strong></span> <span class='ocrx_word' id='word_1_150' title='bbox 787 2849 851 2918; x_wconf 89' lang='lat' dir='ltr'><strong>alia</strong></span> <span class='ocrx_word' id='word_1_151' title='bbox 866 2850 991 2918; x_wconf 90' lang='lat' dir='ltr'><strong>minus.</strong></span> <span class='ocrx_word' id='word_1_152' title='bbox 1007 2846 1175 2926; x_wconf 85' lang='lat' dir='ltr'><strong>Praeterea</strong></span> 
     </span>
     <span class='ocr_line' id='line_1_33' title="bbox 157 2967 1176 3065; baseline 0.008 -33"><span class='ocrx_word' id='word_1_153' title='bbox 157 2967 429 3059; x_wconf 85' lang='lat' dir='ltr'><strong>magnitudinem</strong></span> <span class='ocrx_word' id='word_1_154' title='bbox 439 2972 606 3044; x_wconf 85' lang='lat' dir='ltr'><strong>mutantia</strong></span> <span class='ocrx_word' id='word_1_155' title='bbox 617 2983 816 3049; x_wconf 85' lang='lat' dir='ltr'><strong>cernuntur,</strong></span> <span class='ocrx_word' id='word_1_156' title='bbox 829 2972 908 3065; x_wconf 85' lang='lat' dir='ltr'><strong>quia</strong></span> <span class='ocrx_word' id='word_1_157' title='bbox 921 2968 1027 3040; x_wconf 90' lang='lat' dir='ltr'><strong>modo</strong></span> <span class='ocrx_word' id='word_1_158' title='bbox 1041 2967 1176 3040; x_wconf 89' lang='lat' dir='ltr'><strong>aTerra</strong></span> 
     </span>
     <span class='ocr_line' id='line_1_34' title="bbox 158 3085 1173 3185; baseline 0.011 -33"><span class='ocrx_word' id='word_1_159' title='bbox 158 3085 304 3178; x_wconf 83' lang='lat' dir='ltr'><strong>longius,</strong></span> <span class='ocrx_word' id='word_1_160' title='bbox 323 3089 431 3160; x_wconf 90' lang='lat' dir='ltr'><strong>modo</strong></span> <span class='ocrx_word' id='word_1_161' title='bbox 446 3094 586 3183; x_wconf 87' lang='lat' dir='ltr'><strong>propius</strong></span> <span class='ocrx_word' id='word_1_162' title='bbox 606 3089 706 3162; x_wconf 88' lang='lat' dir='ltr'><strong>nobis</strong></span> <span class='ocrx_word' id='word_1_163' title='bbox 724 3095 759 3160; x_wconf 94' lang='lat' dir='ltr'><strong>in</strong></span> <span class='ocrx_word' id='word_1_164' title='bbox 778 3090 989 3185; x_wconf 82' lang='lat' dir='ltr'><strong>profundum</strong></span> <span class='ocrx_word' id='word_1_165' title='bbox 1005 3089 1173 3174; x_wconf 80' lang='lat' dir='ltr'><strong>serunttu,</strong></span> 
     </span>
     <span class='ocr_line' id='line_1_35' title="bbox 160 3206 1174 3308; baseline 0.011 -35"><span class='ocrx_word' id='word_1_166' title='bbox 160 3219 193 3274; x_wconf 92' lang='lat' dir='ltr'><strong>et</strong></span> <span class='ocrx_word' id='word_1_167' title='bbox 210 3206 287 3278; x_wconf 93' lang='lat' dir='ltr'><strong>ideo</strong></span> <span class='ocrx_word' id='word_1_168' title='bbox 307 3213 408 3280; x_wconf 89' lang='lat' dir='ltr'><strong>etiam</strong></span> <span class='ocrx_word' id='word_1_169' title='bbox 427 3211 636 3284; x_wconf 85' lang='lat' dir='ltr'><strong>celeritatem</strong></span> <span class='ocrx_word' id='word_1_170' title='bbox 655 3238 772 3284; x_wconf 87' lang='lat' dir='ltr'><strong>cursus</strong></span> <span class='ocrx_word' id='word_1_171' title='bbox 790 3238 853 3308; x_wconf 89' lang='lat' dir='ltr'><strong>per</strong></span> <span class='ocrx_word' id='word_1_172' title='bbox 875 3217 967 3308; x_wconf 83' lang='lat' dir='ltr'><strong>signa</strong></span> <span class='ocrx_word' id='word_1_173' title='bbox 988 3211 1174 3307; x_wconf 90' lang='lat' dir='ltr'><strong>inaequabi-</strong></span> 
     </span>
    </p>
   </div>
   <div class='ocr_carea' id='block_1_8' title="bbox 144 3415 580 3501">
    <p class='ocr_par' dir='ltr' id='par_1_8' title="bbox 144 3415 580 3501">
     <span class='ocr_line' id='line_1_36' title="bbox 144 3415 580 3501; baseline 0.021 -26"><span class='ocrx_word' id='word_1_174' title='bbox 144 3428 146 3436; x_wconf 86' lang='lat'>&#39;</span> <span class='ocrx_word' id='word_1_175' title='bbox 202 3415 210 3443; x_wconf 89' lang='lat'>⁷</span> <span class='ocrx_word' id='word_1_176' title='bbox 234 3417 267 3476; x_wconf 91' lang='lat' dir='ltr'><strong>ln</strong></span> <span class='ocrx_word' id='word_1_177' title='bbox 283 3421 382 3480; x_wconf 86' lang='lat' dir='ltr'><strong>codice</strong></span> <span class='ocrx_word' id='word_1_178' title='bbox 397 3427 580 3501; x_wconf 71' lang='grc' dir='ltr'><strong><em>φαινόμενον.</em></strong></span> 
     </span>
    </p>
   </div>
   <div class='ocr_carea' id='block_1_9' title="bbox 191 3518 646 3915">
    <p class='ocr_par' dir='ltr' id='par_1_9' title="bbox 202 3518 472 3602">
     <span class='ocr_line' id='line_1_37' title="bbox 202 3518 472 3602; baseline 0.019 -21"><span class='ocrx_word' id='word_1_179' title='bbox 202 3518 211 3548; x_wconf 78' lang='lat'><strong>⁸</strong></span> <span class='ocrx_word' id='word_1_180' title='bbox 233 3520 308 3581; x_wconf 91' lang='lat' dir='ltr'><strong>Vide</strong></span> <span class='ocrx_word' id='word_1_181' title='bbox 324 3523 347 3582; x_wconf 91' lang='lat' dir='ltr'>N</span> <span class='ocrx_word' id='word_1_182' title='bbox 352 3535 429 3584; x_wconf 87' lang='lat' dir='ltr'><strong>otam</strong></span> <span class='ocrx_word' id='word_1_183' title='bbox 445 3548 472 3602; x_wconf 72' lang='lat' dir='ltr'><strong>x.</strong></span> 
     </span>
    </p>

    <p class='ocr_par' dir='ltr' id='par_1_10' title="bbox 202 3615 514 3691">
     <span class='ocr_line' id='line_1_38' title="bbox 202 3615 514 3691; baseline 0.022 -8"><span class='ocrx_word' id='word_1_184' title='bbox 202 3622 211 3652; x_wconf 80' lang='lat'>⁸</span> <span class='ocrx_word' id='word_1_185' title='bbox 233 3615 267 3683; x_wconf 88' lang='lat' dir='ltr'><strong>ln</strong></span> <span class='ocrx_word' id='word_1_186' title='bbox 282 3626 514 3691; x_wconf 74' lang='lat' dir='ltr'><strong>codicearltotov.</strong></span> 
     </span>
    </p>

    <p class='ocr_par' dir='ltr' id='par_1_11' title="bbox 192 3724 504 3812">
     <span class='ocr_line' id='line_1_39' title="bbox 192 3724 504 3812; baseline 0.013 -26"><span class='ocrx_word' id='word_1_187' title='bbox 192 3724 212 3755; x_wconf 81' lang='lat'><strong>¹⁰</strong></span> <span class='ocrx_word' id='word_1_188' title='bbox 234 3726 268 3787; x_wconf 90' lang='lat' dir='ltr'><strong>In</strong></span> <span class='ocrx_word' id='word_1_189' title='bbox 283 3729 383 3790; x_wconf 84' lang='lat' dir='ltr'><strong>codice</strong></span> <span class='ocrx_word' id='word_1_190' title='bbox 395 3737 504 3812; x_wconf 68' lang='grc' dir='ltr'><strong><em>πάχος.</em></strong></span> 
     </span>
    </p>

    <p class='ocr_par' dir='ltr' id='par_1_12' title="bbox 191 3827 646 3915">
     <span class='ocr_line' id='line_1_40' title="bbox 191 3827 646 3915; baseline 0.02 -26"><span class='ocrx_word' id='word_1_191' title='bbox 191 3827 210 3857; x_wconf 85' lang='lat'><strong>¹¹</strong></span> <span class='ocrx_word' id='word_1_192' title='bbox 230 3829 291 3892; x_wconf 81' lang='lat' dir='ltr'><strong>‘Pro</strong></span> <span class='ocrx_word' id='word_1_193' title='bbox 307 3836 353 3901; x_wconf 82' lang='grc' dir='ltr'><strong>ἐν,</strong></span> <span class='ocrx_word' id='word_1_194' title='bbox 369 3833 404 3892; x_wconf 58' lang='lat' dir='ltr'><strong>in*</strong></span> <span class='ocrx_word' id='word_1_195' title='bbox 416 3834 516 3896; x_wconf 88' lang='lat' dir='ltr'><strong>codice</strong></span> <span class='ocrx_word' id='word_1_196' title='bbox 530 3848 573 3898; x_wconf 86' lang='lat' dir='ltr'><strong>est</strong></span> <span class='ocrx_word' id='word_1_197' title='bbox 585 3842 646 3915; x_wconf 77' lang='grc' dir='ltr'><em>μέν.</em></span> 
     </span>
    </p>
   </div>
   <div class='ocr_carea' id='block_1_10' title="bbox 0 0 1491 4824">
    <p class='ocr_par' dir='ltr' id='par_1_13' title="bbox 0 0 1491 4824">
     <span class='ocr_line' id='line_1_41' title="bbox 0 0 1491 4824; baseline 0 0"><span class='ocrx_word' id='word_1_198' title='bbox 0 0 1491 4824; x_wconf 95' lang='lat' dir='ltr'><strong> </strong></span> 
     </span>
    </p>
   </div>
  </div>
 </body>
</html>
