2964 4824
474 441 530 502 DE
552 440 849 502 Asinooomt.
1105 443 1166 506 295

156 569 192 635 in
207 564 364 636 eamdem
376 565 591 636 latitudinem
604 569 849 662 pertingentes,
865 581 898 636 et
910 568 974 638 iltis
986 582 1167 662 propterea

156 688 411 758 restitutionum
422 702 591 784 tempora,
603 704 680 760 tum
689 687 924 784 longitudinis,
936 704 1011 760 tum
1019 689 1166 760 latitudi-

158 812 225 890 nis,
241 823 316 880 tum
331 809 530 890 altitudinis,
548 812 726 906 inequalia
744 814 810 882 sint
828 825 863 880 et
875 813 981 890 varia,
996 811 1051 907 [ae
1064 815 1168 882 mari-

159 931 245 1026 mae]
267 935 486 1028 minimaeque
514 947 549 1002 et
575 931 697 1002 medie
719 932 883 1002 distantiae
905 945 939 1001 et
965 933 1165 1014 celeritates,

160 1077 253 1122 nunc
267 1055 302 1122 in
317 1053 384 1124 hoc
397 1054 489 1133 loco,
502 1079 595 1124 nuno
605 1055 639 1124 in
653 1054 730 1135 isso,
747 1067 781 1124 et
794 1055 829 1122 in
841 1055 941 1147 signis
954 1053 1080 1128 zodiaci
1093 1079 1167 1126 orn-

160 1174 261 1244 nihus
270 1173 362 1246 fiant
373 1173 554 1254 Praeterea,
567 1199 675 1269 quum
687 1175 797 1255 locos,
811 1189 850 1246 ut
862 1173 1021 1257 diximm,
1037 1191 1168 1248 mutare

158 1293 339 1366 videantur
355 1295 480 1366 similes
499 1309 626 1378 motin,
647 1299 707 1366 etsi
725 1299 761 1366 in
779 1299 913 1392 punctis
928 1295 1047 1368 iisdem
1062 1297 1168 1392 aphe-

131 1413 135 1428 ’
158 1441 276 1486 rarum
294 1415 396 1496 fiunt,
414 1442 460 1486 ne
478 1417 622 1488 circidos
640 1417 778 1515 quidem
797 1417 956 1491 videntur
977 1417 1169 1490 describere

161 1553 247 1610 asna
264 1541 406 1610 erratica
424 1538 573 1610 motibus
590 1539 630 1610 iis
647 1565 724 1634 quae
741 1564 804 1634 per
819 1538 976 1610 accidens
997 1554 1089 1622 sunt,
1109 1541 1169 1612 sed

160 1660 323 1755 quasdam
341 1662 455 1754 spiras.
474 1661 706 1734 Erraticomm
725 1685 805 1756 ergo
822 1663 1008 1758 unicuique
1027 1687 1168 1734 censen·

159 1782 243 1854 dum
262 1796 311 1852 est
326 1785 500 1876 propriam
518 1807 589 1854 esse
607 1809 723 1854 cavam
741 1783 924 1878 sphaeram.
942 1809 1018 1880 quoe
1040 1785 1075 1854 in
1099 1785 1169 1854 aiti-

158 1903 278 1974 todine
291 1930 351 1974 aua
369 1902 434 1975 fert
446 1904 607 1986 solidam,
625 1931 664 1976 ao
675 1909 849 2000 propriam
866 1907 966 1976 etiam
983 1908 1168 2000 unicuique

158 2026 316 2107 solidam,
332 2052 409 2122 quae
426 2030 462 2098 in
480 2053 539 2098 sua
556 2052 673 2098 ramus
688 2025 866 2122 superficie
883 2025 949 2101 sert
965 2042 1092 2132 astrion
1115 2051 1166 2098 er·
1192 2113 1195 2122 Ι

158 2151 314 2218 ratieom.

555 2285 653 2342 {earm
668 2285 773 2341 xxxiii]

395 2379 435 2428 nt
454 2379 543 2437 sote,
562 2379 724 2431 MERCURIO
741 2379 781 2428 ET
797 2377 929 2430 VENERE.

210 2509 315 2598 Quod
330 2512 373 2582 ad
391 2512 524 2594 Solem,
543 2512 782 2608 Phosphorum
802 2527 835 2584 et
851 2512 1057 2586 Stilbontem
1076 2537 1166 2608 spec·

159 2647 222 2713 tat,
245 2647 358 2728 potest
379 2634 518 2732 quidem
543 2638 644 2706 etiam
664 2634 737 2706 fieri
759 2649 798 2706 ut
821 2637 958 2731 propria
983 2639 1166 2731 rmicnique

158 2759 199 2827 sit
216 2769 360 2853 utraque
375 2757 520 2852 sphera,
538 2783 626 2830 oavae
640 2760 839 2829 vero‘trium
855 2758 981 2830 horum
999 2771 1166 2833 astrorum

158 2879 296 2972 sphaerae
318 2905 415 2975 oeqoa
438 2881 607 2950 celeritate
632 2894 806 2952 cmrentes
829 2882 864 2949 in
888 2905 987 2974 aequo
1011 2895 1165 2974 tempore

204 3041 213 3070 ⁷
235 3045 268 3103 In
283 3044 382 3105 codice
397 3044 478 3106 deest
491 3049 536 3104 τά.
678 3123 680 3128 ,

203 3144 212 3173 ⁸
235 3147 266 3206 in
282 3146 379 3208 codice
395 3147 491 3208 δοκεῖν
504 3152 620 3230 γράφει.

203 3248 212 3276 ⁹
235 3249 267 3308 In
283 3250 381 3310 codice
394 3262 431 3328 τῇ
444 3251 507 3311 ἰδία.

193 3352 213 3381 ¹⁰
236 3354 268 3412 ln
283 3353 382 3414 codice
396 3359 555 3434 ἐπεφανεέα.

195 3454 212 3483 ¹¹
237 3456 360 3538 Signum
375 3456 458 3518 Solis.

194 3555 213 3585 ¹²
235 3558 268 3618 ln
284 3551 383 3618 codiee
397 3560 536 3640 scriptum
551 3572 594 3622 eat
608 3565 642 3620 ot
657 3558 776 3620 ivaurde
792 3585 798 3618 ε
814 3561 894 3644 quod
914 3584 976 3623 ease
994 3563 1113 3630 falsum,
1135 3574 1167 3622 ot

159 3683 175 3722 e
185 3660 427 3743 procedentibus,
441 3663 481 3721 sic
491 3664 578 3724 etiam
589 3686 605 3724 e
616 3664 805 3746 aequantibus
816 3665 921 3748 liquet,
935 3667 1059 3726 maxime
1070 3686 1137 3724 vero
1150 3685 1166 3722 e

159 3765 253 3824 verbis
268 3763 389 3823 δυνατὸν
403 3763 434 3824 δὲ
449 3770 504 3824 καί.

97 3895 102 3905 ·
192 3866 212 3896 ¹³
234 3867 267 3926 ln
283 3865 382 3927 codice
396 3870 581 3928 καθέκασΊον.
