2970 4822
462 403 518 466 DE
541 403 837 468 Asrnottottut.

462 729 496 768 nn
515 729 625 768 ottrtsus
645 730 677 767 BT
696 728 844 768 occastsus.

196 864 281 929 Tum
294 863 334 930 de
347 865 449 930 Lunae
459 873 491 930 et
502 864 649 952 quinque
661 863 839 952 errantium
852 863 1020 930 stellarum
1033 862 1158 934 ortibus
1176 871 1225 928 Cn·
1237 885 1267 914 ¹¹¹
1280 881 1299 915 s
1314 885 1360 916 ¹¹¹¹·

150 987 181 1040 et
196 977 356 1044 oeensibus
368 977 408 1042 iis
424 977 482 1064 qui
497 977 538 1042 ad
554 976 672 1046 Solem¹
682 975 886 1050 reseruntur:
893 973 1046 1044 Adrastus
1057 977 1158 1044 brevi·

148 1101 196 1155 ter
213 1089 351 1156 disserit.
369 1091 477 1175 Luna,
495 1089 535 1154 ab
552 1088 717 1154 occidente
737 1088 951 1154 adorientem
973 1087 1047 1156 Sole
1064 1089 1157 1154 eitius

149 1204 232 1276 iens,
252 1213 324 1291 post
344 1201 605 1288 conjunctionem
625 1221 755 1290 vespere
775 1223 903 1289 semper
922 1222 941 1265 e
960 1199 1043 1268 Solis
1062 1201 1159 1268 ra'diis

149 1313 296 1399 emergit,
311 1324 344 1379 et
354 1323 427 1378 ante
440 1313 702 1399 conjunctionem
715 1335 811 1382 mane
825 1333 953 1400 semper
964 1313 1078 1380 ultima
1089 1299 1160 1380 rico

150 1424 311 1498 seruitum·
325 1423 516 1513 priusquam
537 1423 620 1490 Solis
641 1424 829 1492 obscuretur
853 1424 959 1490 radiis.
985 1423 1157 1498 Saturnus.

149 1537 271 1624 Jupiter
281 1549 314 1602 et
320 1538 418 1609 Mars,
430 1548 554 1609 eontra,
567 1536 641 1602 Sole
652 1535 773 1602 tardius
786 1538 826 1603 ab
835 1535 1000 1603 occidente
1008 1539 1042 1602 in
1056 1537 1158 1607 orien-

150 1661 218 1734 tem
228 1660 354 1724 euntes,
368 1671 495 1736 semper
508 1669 639 1738 vespere
654 1649 767 1714 ultima
783 1649 852 1716 vice
872 1660 946 1716 ente
962 1649 1158 1736 conjunctio-

148 1783 223 1826 nem
237 1773 415 1826 oernuntur
435 1772 467 1826 et
482 1783 577 1828 mane
598 1761 704 1850 prima
720 1761 790 1830 viee
809 1773 882 1850 post
897 1763 1171 1848 conjunctionem·

147 1884 311 1960 apparent.
334 1873 511 1940 Mercurius
529 1895 604 1939 vero
619 1884 652 1938 et
674 1874 779 1940 Venus
798 1885 937 1964 utroque
950 1875 1062 1949 modos
1080 1853 1157 1942 riam

147 1983 218 2051 Sole
234 2007 321 2070 nuno
333 1985 472 2058 citiores,
487 2007 574 2050 nnuc
585 1985 740 2052 tardiores
750 1987 900 2052 uidentur
914 1986 949 2050 in
961 1986 1047 2052 illos
1059 1965 1157 2054 Terra

146 2108 286 2184 spectato
302 2099 447 2163 circuitu.
459 2099 523 2164 Nec
532 2099 621 2164 omni
634 2097 801 2164 interuallo
815 2097 856 2166 ad
870 2097 1044 2164 dimidium
1055 2119 1157 2186 usque

147 2208 319 2281 circulum,
337 2209 419 2274 sicut
434 2209 503 2276 aliae
523 2221 665 2276 errantes
681 2209 795 2284 stellae,
816 2209 873 2276 sed
889 2231 1059 2297 uunquam
1074 2210 1156 2276 mul·

148 2331 218 2386 tum
239 2343 258 2385 a
278 2317 352 2388 Sole
373 2321 554 2396 discedunt,
575 2323 751 2390 Mercurius
767 2323 888 2388 scilieet
904 2323 1097 2411 plerumque
1113 2325 1157 2388 vi-

148 2431 227 2516 ginti
240 2432 281 2498 ad
293 2455 458 2504 summum
470 2435 601 2522 padus,
613 2447 645 2500 et
653 2436 759 2500 Venus
774 2435 814 2502 ad
823 2434 939 2522 gradm
950 2457 1052 2527 usqne
1064 2435 1157 2522 quin·

148 2544 301 2630 quaginta
310 2545 332 2619 ¹,
347 2557 382 2610 ut
392 2546 543 2636 Adrastus
555 2559 716 2624 autumat3
731 2569 768 2614 ao
780 2547 908 2614 numeri
923 2547 1070 2628 iidemsa
1081 2569 1156 2613 vero

147 2655 289 2722 muitum
308 2657 504 2732 aberrantes,
524 2644 678 2748 incapite
692 2679 789 2728 mm
807 2660 926 2726 iterum
945 2659 1154 2725 afferuntur2.

148 2769 238 2834 Nunc
248 2791 324 2836 vero
332 2769 373 2836 de
385 2769 549 2838 stellarum
559 2783 625 2838 tam
638 2772 817 2838 errantium
829 2793 929 2860 quam
942 2771 1156 2840 inerrantium

148 2879 267 2946 ortibus
282 2891 315 2945 et
335 2883 496 2948 oeensibus
520 2881 609 2971 ioqui
631 2884 773 2972 suscipit.
797 2883 847 2952 [lli
869 2883 958 2948 enim
977 2883 1155 2950 maximum

147 3011 273 3083 semper
293 2992 401 3058 locum
420 2995 455 3060 in
477 2996 609 3082 antiqua
629 2995 821 3084 astronomia
843 2995 1060 3068 retinuerunt,
1083 3017 1155 3082 quae

147 3099 277 3167 illorum
293 3105 545 3172 consideratione
561 3107 725 3194 quondam
741 3131 832 3196 paene
847 3119 914 3173 tota
925 3109 1116 3174 constiterat.

194 3213 378 3283 Secundum
392 3219 564 3284 Adrastum
579 3231 611 3285 et
628 3221 810 3294 Thoonem,
828 3233 990 3287 astrorum
1005 3221 1154 3287 omnium
1173 3234 1223 3291 Cn·
1235 3247 1274 3277 ¹¹¹¹
1285 3243 1303 3274 ⁹2
1314 3247 1357 3276 ¹¹¹·

147 3335 179 3390 et
192 3325 292 3413 ipsius
306 3329 387 3396 Solis
403 3338 586 3400 demetetet
600 3339 696 3402 δύσεις
709 3335 838 3423 proprie
853 3336 1006 3408 dicuntur
1023 3335 1154 3401 illorum

148 3459 206 3525 per
218 3438 416 3507 horizontem
430 3466 558 3508 sursum
573 3456 605 3510 et
621 3445 770 3512 deorsum
785 3447 979 3534 quotidianae
998 3447 1154 3512 transitio-

88 3630 94 3640 1
148 3573 212 3616 nes.
237 3550 299 3617 sed
323 3553 435 3618 iisdem
462 3557 645 3622 nominibus
666 3559 824 3646 appellari¹
845 3559 957 3625 dicunt
980 3571 1151 3654 astrorum,

187 3699 194 3730 ¹
218 3697 281 3752 Vide
289 3699 403 3754 Theonis
411 3701 473 3754 Astr.
485 3705 634 3776 o.1111(t'ol.
646 3725 661 3775 7
673 3704 700 3776 a)
712 3715 810 3760 textum
822 3716 847 3758 et
856 3716 941 3758 notam
953 3671 983 3758 in
993 3706 1045 3758 ima
1051 3705 1152 3778 pagina.

185 3794 195 3823 ²
216 3792 280 3846 Vide
294 3792 373 3864 hujus
387 3792 451 3846 Dias.
465 3806 530 3866 part
544 3798 579 3860 tt,
591 3817 614 3850 c.
626 3795 687 3858 rat
700 3799 740 3850 ts.
