2970 4822
489 395 546 494 us
569 431 866 496 retrorsum.
1128 437 1183 498 ιω

172 553 321 626 ambitus
336 571 398 636 est,
418 569 455 630 ut
470 555 626 628 diximus.
647 555 768 651 [Atqui
780 555 901 626 deeem
918 555 1106 628 stadiorum
1121 557 1185 652 est]

163 677 1188 772 ,maximeexcelsorummmttumsuprahumttissimasterrae

170 812 282 898 partes
298 797 340 868 ad
359 798 648 894 perpendicuium
665 797 824 877 altitude,
841 812 880 875 ut
896 797 1137 877 Eratosthenes
1155 815 1189 870 et

171 918 387 996 Dicaeerehus
410 945 446 992 se
469 922 639 993 invenisse
662 919 799 1002 dicuute
819 933 859 1004 ‚et
880 922 1187 1000 immentorum

171 1021 313 1137 quidem
331 1066 414 1138 ope,
429 1067 492 1136 per
510 1041 677 1136 dioptrae,
696 1065 772 1136 quae
790 1039 1015 1120 dimetiuntur
1032 1068 1072 1114 ex
1088 1046 1187 1116 intes
1310 1067 1321 1084 ‘

170 1163 260 1238 vatio
288 1163 561 1259 magnitudines,
590 1163 675 1234 teies
702 1163 752 1235 illi
782 1177 988 1258 speetantu.
1021 1165 1081 1241 Est
1107 1190 1187 1262 elge

171 1288 310 1358 maximi
328 1289 456 1360 montis
475 1311 626 1362 excessus
644 1311 713 1360 una
735 1283 845 1360 ferme
861 1309 938 1380 pers
955 1288 1059 1364 tetius
1073 1285 1188 1361 Terre

172 1407 329 1482 diametri
344 1411 380 1480 iu
394 1421 473 1480 ecto
485 1408 590 1484 mittis
608 1406 732 1483 divisae.
753 1407 818 1478 Hie
833 1431 916 1482 teto
928 1409 956 1476 ei
972 1431 1034 1480 nes
1048 1433 1186 1504 petete-

170 1532 277 1602 rimus
290 1529 477 1625 sphaeram,
494 1533 592 1626 cujus
609 1530 711 1626 lunga
728 1531 771 1600 sit
786 1555 895 1603 unum
911 1529 1037 1624 pedem
1057 1529 1184 1607 diame—

169 1666 256 1733 tros,
281 1650 562 1746 quandoquidem
582 1651 675 1746 digiti
698 1651 917 1726 intervallum
940 1651 1106 1746 compleri
1126 1676 1185 1748 pe

168 1787 233 1851 test
267 1773 451 1847 duodecim
482 1774 657 1848 diseretis
687 1774 772 1848 milii
800 1797 908 1869 grene
934 1771 1185 1868 tmgtudinem

168 1899 290 1991 eequis,
311 1911 345 1968 et
366 1896 438 1969 sere
463 1895 586 1966 excidit
609 1910 732 1990 praeter
756 1921 954 1974 mensuram
975 1895 1065 1969 hano
1087 1897 1185 1970 telius

168 2020 262 2112 graui
278 2017 435 2095 diametri
448 2043 525 2112 pers
538 2017 694 2120 dimidie,
710 2015 834 2112 pirates
848 2017 988 2112 sphaerae
1000 2016 1184 2094 diametrus

168 2165 280 2210 unum
289 2139 414 2234 pedem
430 2139 532 2235 longa
545 2141 712 2234 eompleri
721 2140 857 2214 videtur
868 2141 973 2235 aequis
983 2139 1068 2212 milii
1078 2164 1183 2234 grano

170 2261 353 2332 intervallis
378 2286 450 2334 soo
475 2275 533 2334 aut
549 2263 653 2357 paulo
673 2264 797 2336 minus.
819 2259 882 2334 Pes
898 2264 991 2332 enim
1010 2260 1115 2335 hebet
1136 2262 1184 2334 di-

169 2384 254 2474 gitos
287 2382 347 2464 163·
372 2383 494 2479 digitus
517 2398 632 2458 autem
663 2385 858 2479 eompietur
874 2385 971 2458 'milii
997 2407 1182 2480 granorum

171 2501 343 2576 diametris
360 2531 415 2585 ια,
430 2519 464 2578 et
480 2507 521 2576 ιθ
535 2505 717 2579 duodecies
730 2520 809 2578 sunt
824 2505 1181 2606 192.Quadragssime

169 2649 250 2720 eigo
268 2651 345 2720 pars
365 2627 451 2698 milii
468 2631 562 2722 graui
581 2627 738 2700 diametri
758 2628 838 2723 [uua
860 2641 909 2700 est
927 2652 1004 2722 pars
1023 2626 1180 2712 diametri

167 2772 278 2820 unum
295 2747 421 2842 pedem
443 2749 554 2844 longas
576 2751 611 2820 iu
634 2762 711 2822 octo
731 2750 837 2820 millia
856 2747 992 2844 divisast
1013 2749 1097 2822 Nem
1117 2749 1178 2822 du-

168 2882 265 2946 eeute
285 2869 485 2966 quadragies
503 2885 584 2943 sunt
602 2884 679 2942 oete
698 2871 811 2946 millia.
832 2867 934 2964 Atqui
953 2884 1109 2948 montem
1128 2894 1180 2943 ex-

210 3032 219 3061 ⁷
242 3035 297 3096 Pro
313 3036 352 3105 ιδ,
367 3038 399 3095 in
415 3035 575 3108 codiceest
589 3040 644 3102 net.
658 3035 716 3096 Sed
732 3054 873 3100 numerus
889 3036 982 3099 emitti
998 3055 1058 3096 nou
1070 3036 1178 3117 potuit,

168 3146 197 3194 et
210 3157 277 3196 mox
291 3138 393 3200 eedem
408 3137 445 3198 de
458 3160 489 3200 re
502 3139 649 3206 invenitur
659 3159 801 3206 uumerus
815 3137 849 3206 ις.

79 3256 82 3262 ·
211 3237 219 3266 ⁸
241 3239 275 3298 In
290 3241 389 3300 codice
403 3245 524 3301 κάτισιν.
536 3228 611 3302 Vide
627 3241 733 3300 Noram
744 3261 769 3300 e.

211 3339 220 3368 ⁹
242 3341 275 3400 in
291 3343 390 3402 codice
404 3355 447 3404 est
460 3365 514 3404 vox
528 3365 589 3404 nen
603 3365 696 3426 graeee
711 3346 976 3426 despuetpeiwus.

201 3440 221 3472 ¹⁰
242 3442 277 3504 In
291 3445 390 3512 eodiee
403 3451 590 3530 κεγχριαὶαις.

200 3545 219 3575 ¹¹
243 3547 332 3608 Uneis
347 3549 460 3610 incluse
474 3551 594 3620 desunt,
611 3571 627 3610 e
641 3550 762 3611 librario
778 3561 899 3619 temere,
915 3561 1033 3633 propter
1047 3553 1175 3626 ὁμαιοτέ-

166 3649 272 3710 λευτου
285 3651 317 3711 in
332 3672 401 3712 voce
416 3651 583 3735 διαμέτρου,
600 3654 720 3722 emisse,
739 3653 790 3714 sed
803 3673 836 3718 ex
848 3674 936 3719 seusu
948 3650 1096 3715 euidenter
1111 3671 1175 3732 sup·

165 3751 282 3833 plends.
299 3751 374 3815 Vide
387 3754 473 3818 Notus
487 3775 504 3818 e
519 3765 547 3820 et
562 3775 590 3820 u.

199 3854 219 3886 ¹²
240 3857 274 3918 In
289 3854 499 3939 sedissetque.
