2958 4824
470 389 526 452 Dr
548 387 845 454 astronomo.
1097 391 1155 454 221

154 529 193 587 ut
210 512 368 594 dicimus,
389 525 423 586 et
439 513 665 586 necessarium
683 526 732 584 est
750 511 862 584 divine
879 516 995 584 omnio
1011 513 1159 608 nqttabi-

153 636 231 704 liter
249 650 283 705 et
300 637 487 730 composite
506 637 649 706 moveri.
666 633 807 706 clarum
823 649 873 706 eet
886 657 981 730 ergo,
999 638 1159 736 quum'in

154 754 304 850 quodam
322 757 462 851 proprio
482 755 609 828 circuio
625 754 685 826 Sci
702 767 880 827 moveatur
896 753 1107 850 aequabiliter
1127 769 1162 826 et

154 879 356 971 composite,
374 875 570 949 nobiseum
587 901 606 946 a
624 891 752 969 puncto
769 873 1032 970 deportantibus
1046 879 1082 946 in
1100 879 1163 948 eir-

155 996 234 1066 culo
256 995 340 1088 αςγδ
358 997 465 1070 rideri
487 995 734 1091 inaequnbiliter
753 997 892 1068 moveri.
915 996 951 1068 Si
972 1020 1051 1091 ergo
1071 997 1162 1070 iliius

155 1117 301 1188 circulus
318 1131 404 1191 esset
415 1120 502 1188 circa
520 1117 613 1188 idem
631 1131 802 1198 centrum,
820 1115 914 1212 quod
932 1130 982 1188 est
997 1119 1160 1200 universi,

155 1236 192 1308 id
208 1251 257 1308 est
273 1240 360 1308 circa
376 1238 409 1320 θ,
425 1236 615 1308 secundum
634 1235 769 1312 easdem
786 1237 1023 1332 proportiones
1040 1235 1163 1310 divisus

157 1358 329 1430 diametris
343 1387 387 1450 cy
403 1373 437 1428 et
454 1356 506 1440 68,
525 1373 666 1454 propter
687 1358 880 1454 aequitotem
899 1359 1101 1456 angulorum
1120 1358 1162 1430 ad

157 1494 314 1552 centrum
341 1493 375 1550 et
401 1479 659 1554 simiiitudinem
689 1503 830 1550 arcuum
854 1478 1011 1553 eamdem
1033 1478 1163 1552 dubiu-

156 1603 286 1682 tionem
307 1616 452 1696 pareret.
477 1601 600 1698 Liquet
621 1613 735 1672 autem
754 1625 833 1672 eum
856 1601 954 1672 aliter
969 1626 1005 1672 se
1028 1625 1163 1672 moven-

156 1721 1161 1818 tem,nonverocircadcentrum,causnmessetaiisspeciei

155 1843 224 1918 Aut
240 1869 320 1940 ergo
337 1848 425 1916 intra
441 1843 607 1916 ambitum
624 1865 725 1916 suum
740 1842 928 1916 continebit
944 1857 1111 1939 punctum
1127 1845 1161 1924 θ,

156 1981 215 2036 aut
229 1991 290 2060 per
303 1967 390 2046 iliud
403 1963 573 2047 transibit,
594 1979 651 2036 aut
666 1963 752 2036 iliud
767 1966 970 2037 extrinsecus
981 1965 1162 2062 relinquet.

156 2085 260 2182 Atqui
278 2111 344 2180 ,per
364 2088 384 2156 θ
408 2089 549 2156 naurire
571 2086 657 2157 Solis
680 2085 845 2156 circulum
869 2084 1075 2180 impossibile
1098 2102 1162 2168 cst;

158 2231 239 2278 nam
262 2207 322 2278 Soi
344 2210 415 2301 ipse
438 2211 473 2278 in
496 2207 638 2280 Terram
661 2205 852 2287 deveniret,
877 2221 911 2278 et
932 2207 1032 2277 unius
1050 2205 1165 2278 Terroe

158 2330 260 2422 pertis
284 2331 402 2404 incolis
430 2353 564 2424 semper
588 2343 675 2400 esset
704 2327 791 2409 dies,
819 2328 891 2398 aiiis
917 2353 1052 2423 semper
1078 2352 1162 2408 nox,

159 2471 272 2549 neque
286 2473 438 2546 unquam
450 2451 577 2531 oriens,
591 2473 656 2522 nec
669 2448 841 2530 occidens,
856 2473 920 2520 nec
932 2452 1075 2521 omnino
1087 2448 1163 2522 Ter·

157 2593 232 2650 ram
253 2573 454 2644 circumiens
477 2571 536 2642 Sol
559 2572 813 2665 conspiceretur
832 2601 839 2640 :
860 2568 953 2666 quod
979 2584 1028 2640 est
1051 2569 1166 2642 absur-

159 2689 253 2763 dum.
282 2691 444 2788 Superest
470 2715 568 2788 ergo,
597 2706 655 2763 cut
680 2693 700 2764 θ
724 2705 891 2786 punctum
922 2691 1008 2762 Solis
1038 2693 1164 2764 circuio

159 2814 343 2893 contineri,
369 2828 427 2884 aut
449 2817 650 2884 extrinsecus
673 2814 830 2907 relinqui.
855 2811 1025 2884 Utrumvis
1051 2827 1165 2884 eutem

29 2978 33 2990 ·
160 2938 325 3016 stanteris,
344 2938 470 3032 inquit,
490 2937 579 3006 saiva
602 2951 702 3008 erunt
723 2935 964 3029 phaenomena,
985 2949 1019 3004 et
1040 2933 1166 3008 idcireo

161 3055 476 3130 mathematicorum
490 3058 650 3128 dissensio
661 3082 747 3128 vana
760 3081 829 3126 esse
842 3059 1071 3134 convincetur,
1086 3081 1167 3152 quo

161 3198 238 3244 rum
253 3175 289 3244 hi
300 3202 362 3270 per
374 3180 518 3251 circulos
532 3192 666 3250 tantum
680 3179 884 3248 excentricos
895 3175 974 3248 serri
988 3176 1105 3250 dicunt
1120 3203 1167 3246 as

161 3309 213 3366 tra
228 3300 381 3379 erratica,
397 3301 446 3370 illi
459 3325 522 3395 per
536 3301 718 3396 epicycios,
736 3300 784 3370 iili
799 3303 886 3370 circa
901 3301 1013 3393 ipsum
1029 3299 1167 3392 sphaerae

205 3509 215 3538 ⁶
237 3509 271 3570 ln
286 3509 385 3571 codice
399 3516 490 3572 teste
505 3512 565 3574 Sed
575 3511 742 3574 Chsicidius
757 3511 820 3590 (fot.
833 3533 870 3592 ²7
884 3511 898 3570 b
910 3510 1053 3576 Ascensii,
1065 3529 1093 3591 p.
1109 3507 1166 3575 ιθίι

163 3611 296 3692 Meursii)
312 3614 397 3672 vertit
409 3637 415 3671 :
429 3613 472 3674 uei
486 3616 557 3675 intro
559 3661 631 3676 .....
647 3615 691 3675 cei
704 3626 794 3676 ectru.

205 3711 215 3742 ⁷
236 3715 271 3774 ln
285 3713 385 3774 codice
399 3717 488 3774 ἐντός.
504 3715 561 3778 Sed
575 3717 640 3778 ride
655 3717 865 3800 precedentem
881 3714 1020 3776 notulam.

206 3814 215 3845 ⁸
236 3816 269 3876 In
285 3815 384 3877 codice
399 3815 600 3897 έλεχθήσεται.
