2958 4824
476 405 532 466 DE
554 401 848 468 AsattoNoratA.
1103 407 1162 467 251

161 533 369 602 excentricus
383 530 455 610 ille,
476 533 657 601 maximam
674 556 692 600 a
709 527 815 600 Terra
830 529 1021 600 distantiam
1039 529 1167 602 habens

162 651 225 723 sub
240 666 367 748 puncto
390 681 427 732 a,
447 654 568 747 quinto
586 665 623 722 et
638 649 779 723 dimidio
797 651 1024 724 Geminorum
1042 651 1165 747 gradu,

164 788 198 846 et
208 775 388 856 minimam
403 773 594 846 distantiam
605 773 668 844 snb
683 787 811 868 puncto
828 804 868 864 γ,
882 777 1003 869 quinto
1017 789 1051 845 et
1069 774 1166 846 dimi·

163 895 220 967 die
238 895 402 990 Sagittauii
419 893 543 990 gradu..
554 894 641 965 Dico
659 908 773 966 antem
789 892 862 966 [cre
884 907 923 964 ut
944 893 1018 975 sot,
1039 908 1166 974 monn,

163 1032 202 1088 ut
216 1019 366 1110 positum
385 1030 449 1098 est,
469 1019 505 1086 in
523 1014 656 1088 ambitu
672 1011 746 1097 εζηκ
764 1015 919 1111 epicycli‚
939 1039 1000 1108 per
1017 1013 1170 1086 accidens

164 1137 333 1210 describat
355 1140 455 1210 etiam
478 1147 556 1228 ελνχ
575 1137 813 1208 excentricum.
835 1133 995 1208 Delatum
1014 1139 1057 1206 sit
1078 1138 1170 1212 enim

165 1272 323 1330 centrum
337 1258 477 1354 epicycli
490 1281 553 1352 per
567 1283 608 1345 ρο
622 1281 757 1337 arcum,
770 1271 925 1352 quartam
940 1255 1086 1328 ambitus
1100 1281 1172 1352 par·

165 1395 236 1452 tem
255 1412 262 1450 :
282 1381 341 1452 Sol
360 1383 461 1452 etiam
480 1403 560 1475 ergo
578 1381 665 1450 intra
687 1377 788 1450 idem.
802 1393 937 1474 tempus
959 1377 1088 1450 delatus
1109 1403 1172 1474 per

166 1502 311 1572 similem
330 1500 471 1598 epicycli
489 1525 606 1589 arcum
624 1528 675 1579 aa,
694 1503 758 1570 erit
772 1502 808 1570 in
822 1509 859 1581 λ,
879 1513 914 1570 et
930 1499 972 1570 ab
991 1527 1007 1569 a
1024 1485 1059 1570 in
1077 1509 1098 1568 λ
1115 1499 1171 1570 de·

165 1625 292 1703 veniet,
308 1635 462 1718 quartam
477 1620 625 1692 ambitus
638 1635 770 1717 partem
787 1619 980 1692 describens
994 1623 1172 1692 excentrici

165 1723 281 1834 arcum
304 1753 351 1813 ελ.
374 1743 502 1814 Rursus
525 1757 683 1814 centrum
700 1771 718 1813 ο
735 1743 771 1812 in
794 1742 910 1814 circuli
934 1739 1064 1816 ambitu
1085 1740 1172 1812 dela·

164 1879 240 1936 tum
254 1867 295 1935 sit
309 1889 372 1959 per
387 1877 542 1960 quartam
557 1878 689 1959 partam
702 1893 738 1935 ον
751 1888 887 1944 arcum,
905 1877 939 1934 et
956 1863 1015 1934 Sol
1027 1887 1090 1958 per
1102 1866 1171 1957 spi·

165 1985 252 2082 cycli
269 1986 414 2056 similem
430 2009 547 2056 arcum
562 1996 602 2056 λτ
616 2017 623 2054 :
639 1987 703 2056 erit
717 2009 797 2081 ergo
811 1989 848 2055 in
865 2015 897 2066 υ,
916 1999 951 2056 et
963 2010 1020 2081 per
1033 1980 1172 2055 accidens

167 2106 336 2179 describet
366 2109 546 2178 excentrici
581 2107 727 2178 similem
762 2131 880 2176 arcum
912 2117 960 2176 λυ.
999 2106 1170 2186 Similiter,

167 2241 296 2322 puncto
309 2230 518 2306 remetiente
530 2219 711 2308 arcumcfi,
724 2226 784 2298 Sel
796 2227 936 2322 epicycli
948 2241 1124 2322 percurret
1134 2229 1173 2296 si·

168 2349 287 2419 milam
302 2373 419 2419 arcum
431 2356 493 2438 υφε
508 2351 573 2418 erit
585 2371 665 2443 ergo
677 2350 714 2418 in
731 2376 771 2438 χ,
788 2371 845 2442 per
854 2346 994 2418 accident
1006 2347 1174 2441 descripto

137 2545 139 2552 ,
170 2473 272 2540 etiam
283 2469 437 2562 axsimili
449 2494 532 2540 arcu
543 2470 733 2540 excentrici.
745 2467 900 2538 Tandem
914 2463 936 2547 Ε
944 2482 1072 2563 puncto
1085 2492 1174 2542 eme

167 2593 271 2686 tiente
282 2583 461 2678 arcumEu,
473 2589 532 2660 Sol
543 2593 655 2668 etiam,
666 2587 912 2660 consectoarcu
921 2619 970 2678 χς,
982 2593 1176 2660 restituetur

201 2789 220 2821 ¹⁰
241 2788 455 2874 Compendicse
469 2791 608 2871 scriptum
623 2801 667 2850 est
681 2794 767 2854 ἑκκεν
781 2801 809 2850 at
823 2813 858 2872 τρ
870 2811 957 2873 supra
968 2809 1030 2850 m.
1040 2789 1113 2852 Vide
1122 2789 1174 2848 Tn-

171 2893 270 2954 bulam
285 2914 316 2963 n,
332 2899 364 2952 n⁰
380 2916 397 2973 7
415 2893 448 2961 b,
463 2893 503 2954 3⁰.

204 2995 223 3025 ¹¹
247 2995 281 3055 In
295 2995 394 3056 codice
409 2996 527 3078 signum
542 2995 627 3056 Solis.
712 3073 714 3078 ,

205 3096 225 3126 ¹²
248 3097 281 3156 ln
296 3097 395 3158 codice
408 3100 524 3180 γράφει.

172 3199 179 3214 “
206 3199 226 3227 ¹³
249 3199 283 3258 ln
298 3199 408 3266 codice,
424 3211 489 3282 post
502 3203 709 3281 περιφέρειαν,
727 3201 832 3259 iterum
846 3198 953 3281 legitur
967 3203 1077 3277 ὁμοίαν.

208 3298 226 3329 ¹³
249 3301 283 3360 ln
297 3301 395 3362 codice
410 3301 527 3384 signum
542 3301 625 3362 Solis.

195 3402 226 3460 ,¹⁶
247 3403 281 3463 In
296 3403 394 3463 codice
408 3402 460 3483 ψχ.
477 3403 675 3464 Libraricrnm
691 3403 789 3486 culpa,
804 3409 828 3461 Υ
844 3406 875 3464 in
889 3409 920 3464 Ψ
935 3415 963 3464 et
979 3409 1003 3479 φ
1016 3403 1047 3462 in
1059 3425 1082 3481 χ
1096 3401 1177 3462 facilc

174 3507 281 3566 mutar-i
297 3517 462 3588 potuerunt.

208 3609 228 3637 '⁵
251 3609 285 3668 ln
295 3607 474 3678 codicevdl'.
488 3609 543 3669 Pro
551 3608 654 3670 λοιπὸν
661 3608 806 3678 adverbio,
816 3609 1041 3670 scribendumne
1052 3604 1177 3678 λοιπήνὶ)

208 3709 227 3738 ¹⁷
248 3709 282 3770 In
297 3708 396 3770 codice
410 3733 460 3790 χσ.
476 3709 533 3771 Sed
548 3713 641 3794 agitur
656 3711 693 3772 de
708 3723 814 3794 puncto
829 3735 852 3772 ς.
871 3711 958 3773 Aliud
973 3722 1015 3771 est
1032 3719 1176 3791 punctum

175 3835 196 3872 σ
209 3815 240 3872 in
255 3812 358 3874 eadem
372 3812 563 3894 descriptione
575 3815 628 3882 Vl,
642 3836 731 3897 quam
746 3815 819 3876 vide.
