2964 4824
486 439 543 498 DE
565 438 860 500 ASTRONOMIA.
1116 439 1178 503 293

169 588 248 633 rum
267 562 464 659 obliquitate
479 577 658 658 spectatur,
679 589 732 644 ao,
753 577 893 658 propter
907 562 1022 634 solidae
1040 562 1179 656 spbaerae

171 688 300 755 circum
313 709 407 753 axem
422 686 599 780 proprium
610 687 883 766 conversionem,
899 684 1035 754 nuncin
1048 685 1178 756 excelso

170 821 205 876 et
216 806 294 876 ideo
306 805 421 876 tardus
433 807 577 888 ridetur,
593 831 686 876 nunc
698 809 733 876 in
745 805 918 902 profundo
931 818 965 875 et
976 803 1054 875 ideo
1067 807 1176 886 citior,

170 943 205 998 at
219 953 289 999 uno
301 929 408 999 verbo
421 928 645 1024 inaequabilis,
660 953 698 999 ac
712 941 892 1024 propterea
907 926 1094 998 secundmu
1108 930 1179 1023 epi·

170 1052 303 1148 cyclum
322 1050 461 1145 quidem
479 1049 531 1132 fit,
551 1049 740 1121 secundum
755 1063 868 1120 autem
888 1051 1114 1120 excentricum
1129 1053 1177 1120 vi-

169 1172 270 1242 detur
288 1171 377 1254 fieri,
393 1172 523 1246 clarum
542 1186 592 1242 est
609 1195 688 1267 ergo
705 1173 827 1242 rationi
845 1171 1088 1241 convenienter
1105 1168 1178 1240 fieri

169 1310 208 1363 ut
220 1293 540 1363 mathematicorum
549 1292 752 1389 hypotheses
760 1291 802 1387 de
813 1306 980 1362 astrorum
990 1292 1177 1362 errantium

169 1430 283 1495 motu,
303 1415 375 1485 baec
392 1439 455 1510 per
472 1415 676 1512 epicyclum‚
697 1415 754 1484 illa
776 1437 838 1508 per
858 1412 1102 1493 executurum,
1125 1415 1176 1484 in·

167 1539 278 1607 vicem
291 1549 475 1631 sequantur
488 1553 522 1607 ct
535 1539 733 1617 concinent,
749 1535 1029 1632 quandoquidem
1040 1538 1085 1616 ei,
1102 1559 1178 1632 qum

167 1657 357 1728 secundum
368 1673 523 1729 naturam
538 1673 601 1740 est,
617 1672 776 1754 utraque,
791 1657 850 1728 sed
861 1656 1079 1754 perccoidens,
1095 1681 1174 1728 con-

161 1781 317 1875 jungitur
334 1780 442 1876 (quod
459 1783 561 1850 etiam
582 1783 723 1850 miratur
740 1779 985 1876 Hipparchus),
1006 1782 1175 1874 praecipue

166 1904 200 1970 in
215 1902 309 1982 Sole,
330 1905 409 1997 quia
427 1905 530 2000 ipsius
548 1901 757 1998 sphaerarum
775 1916 889 1973 motus
906 1903 1010 1997 aequis
1031 1903 1121 1972 inter
1139 1927 1175 1972 so

167 2023 376 2117 temporibus
401 2040 555 2095 accurate
577 2027 836 2096 concinnantur.
858 2024 897 2094 In
921 2026 1040 2094 ceteris
1060 2037 1174 2094 autem

166 2147 316 2215 erraticis
327 2170 397 2216 non
410 2149 455 2216 ita
470 2161 639 2228 accurate,
656 2149 736 2241 quia
748 2171 818 2217 non
831 2149 866 2216 in
883 2145 1007 2216 eodem
1018 2159 1174 2239 tempore

165 2266 273 2337 solida
290 2271 430 2338 errantis
451 2271 529 2339 asni
548 2268 677 2366 sphaera
695 2271 731 2338 in
747 2269 898 2364 primum
916 2269 1016 2337 situm
1031 2267 1175 2338 restitui-

165 2402 232 2469 tur,
247 2391 282 2459 in
296 2415 365 2484 quo
380 2416 459 2474 cava
471 2392 573 2485 ipsius
588 2389 718 2485 sphaera
732 2417 791 2460 seu
803 2416 893 2486 pone
907 2404 1013 2461 totam
1026 2391 1174 2460 inerran-

166 2512 252 2581 tium
258 2510 424 2606 sphaeram
432 2514 646 2608 relinquitur,
654 2539 714 2584 seu
721 2516 999 2584 totamcontran'e
1005 2515 1171 2594 circumit,

165 2657 286 2703 verum
308 2635 344 2703 in
366 2635 438 2704 aliis
460 2636 570 2716 citius,
596 2638 631 2704 in
655 2635 726 2704 aliis
752 2634 893 2716 tardius,
918 2637 963 2704 ita
985 2649 1024 2704 ut
1048 2635 1174 2706 similes

164 2779 285 2825 eorum
299 2771 427 2838 motus,
445 2760 506 2826 etsi
519 2755 606 2828 fiunt
619 2759 654 2826 in
668 2755 834 2828 similibus
846 2757 1054 2852 sphaerarum
1069 2783 1173 2853 punc-

166 2875 221 2955 tis,
239 2902 309 2947 non
328 2879 363 2947 in
383 2877 519 2948 eosdem
539 2903 674 2974 semper
691 2880 784 2951 locos
806 2877 971 2961 incidant,
996 2879 1055 2950 sed
1078 2881 1172 2953 locos

166 3019 299 3090 semper
306 3015 455 3080 mutent,
466 3015 572 3094 utque
580 3001 646 3070 sint
655 3001 864 3094 sphaerarum
874 3000 1089 3096 obliquitates
1101 3026 1170 3074 non

208 3243 218 3272 ⁷
239 3246 308 3307 'Post
321 3247 444 3311 litteram
461 3273 476 3310 e
490 3251 628 3333 peculiari
642 3251 770 3335 quadam
782 3251 875 3311 forma
886 3261 1043 3318 exarsum,
1060 3259 1103 3310 ast
1118 3251 1171 3331 sig·

165 3370 238 3408 num
249 3352 326 3410 vocis
337 3355 464 3434 κέντρον.
481 3353 555 3415 Vide
569 3354 709 3415 Tabulam
726 3374 756 3422 u,
772 3361 803 3413 n⁰
820 3375 836 3414 a
853 3375 888 3414 m.

208 3449 217 3480 ⁸
238 3453 272 3512 ln
287 3452 385 3514 codice
399 3460 464 3517 ὑπὸ.

207 3554 217 3582 ⁹
238 3555 313 3616 Solis
326 3557 453 3639 signum.

197 3656 217 3685 ¹⁰
240 3658 273 3718 ln
289 3659 387 3720 codice
403 3662 651 3742 ἀπαρτιζομένους.

196 3760 214 3788 ’“
239 3761 295 3821 Pro
310 3761 396 3834 κοίλη
409 3774 473 3834 τῆς,
490 3766 521 3824 in
536 3767 635 3827 codice
649 3769 789 3850 scriptum
804 3779 848 3828 cst
861 3767 1004 3840 κοιλότης.

195 3861 215 3891 ¹'
237 3863 270 3923 In
286 3864 385 3926 codice
401 3865 542 3927 ἀπλανῶν.
561 3905 600 3915 --
618 3869 638 3898 ¹³
661 3870 693 3930 ln
710 3870 808 3930 codice
822 3872 938 3949 φᾶτῆον.
