3016 4826
498 433 553 494 DE
576 431 875 496 Asinononln.
1128 434 1188 498 &25

180 577 198 613 α
217 553 346 622 leonem,
366 573 383 612 e
402 551 468 614 Sole
486 553 662 638 plurimum.
683 565 784 638 utpote
802 557 957 617 momentis
976 555 1189 640 quinquaginta

180 658 336 725 omnibus,
351 649 512 740 seperatus,
525 669 555 719 et
566 659 603 718 ed
614 659 757 720 orientem
773 681 806 721 ec
818 659 898 720 diem
909 679 1028 742 pergens
1040 657 1058 720 ¹.
1071 659 1189 742 Quippe

180 759 233 820 sol
247 761 365 820 nonnisi
375 760 426 820 ubi
437 772 480 820 est
490 760 583 822 littere
595 762 614 820 6
624 761 823 824 indifferenter
836 761 972 824 videtur¹.
983 765 1080 832 Porro.
1093 784 1188 846 quum

180 864 213 921 in
228 886 247 934 η
262 863 317 922 erit
331 862 459 930 Lucifer,
475 863 622 924 videbitur
635 865 667 925 in
682 863 842 926 excelsimie
856 888 876 946 γ
891 865 1063 934 consistere,
1078 865 1188 926 eisdem

181 965 396 1048 quinquaginta
410 964 532 1025 demum
548 967 704 1026 momentis
718 988 735 1026 e
749 963 834 1028 Soie³
854 979 883 1026 et
902 966 940 1026 ed
959 965 1079 1028 occidue
1097 987 1189 1028 remo·

182 1068 248 1128 tior.
265 1069 366 1144 Quum
382 1067 427 1128 vel
441 1090 531 1150 penes
548 1067 579 1138 δ,
594 1067 639 1129 vel
654 1090 742 1152 penes
756 1067 802 1136 ζ’.
821 1069 969 1138 consistet,
985 1067 1110 1130 dubium
1130 1091 1188 1130 non

182 1183 227 1232 eet
252 1172 418 1254 proximum
438 1162 628 1232 solidorum
648 1173 742 1232 visum
766 1173 817 1239 iri.
838 1191 1072 1256 concursumque
1093 1171 1190 1234 secisse

184 1295 279 1334 nnum
299 1273 481 1336 excelsiorem
501 1273 604 1356 procul
618 1295 635 1334 a
649 1275 765 1356 regione
783 1275 878 1336 Terrae
897 1295 986 1358 penes
1006 1271 1051 1342 δ’,
1067 1273 1190 1336 eliorum

183 1379 318 1438 citimum
334 1379 489 1460 Terraeque
499 1378 668 1460 proximum
681 1378 712 1438 in
725 1380 749 1446 ζ.
764 1379 830 1438 Jem
846 1377 920 1440 illud
937 1377 1137 1440 observatione
1150 1377 1189 1438 di·

181 1479 335 1560 ligentiore
354 1492 523 1565 perceptum
535 1481 555 1550 ⁶.
576 1481 687 1542 stenem
707 1483 800 1564 ipeem
819 1482 849 1540 in
869 1481 993 1540 maxime
1015 1479 1187 1546 mione.

181 1581 241 1640 sive
253 1582 414 1650 orientalis.
428 1584 487 1643 sive
498 1582 621 1643 occidue
635 1584 690 1643 en‘t
701 1582 749 1643 ille
760 1583 896 1650 secessio,
911 1581 1016 1642 diebus
1028 1581 1088 1642 sere
1104 1581 1188 1665 quin·

180 1684 274 1764 gemis
286 1686 432 1769 octoginta
442 1697 568 1768 quatuor
580 1683 616 1745 ed
628 1685 657 1746 id
671 1687 772 1769 inquo
785 1684 898 1768 pridem
911 1685 1017 1752 fueret.
1037 1683 1080 1745 vel
1098 1705 1128 1750 e.
1145 1683 1187 1744 vei

180 1807 213 1855 η,
229 1807 372 1857 remeare,
388 1799 421 1848 ut
440 1789 477 1847 sit
494 1789 680 1872 perspicuum
696 1799 790 1850 totum
804 1788 887 1849 obire
904 1787 1049 1848 circulum
1068 1807 1156 1848 enum
1167 1785 1186 1854 ’.

180 1889 233 1969 qui
247 1899 291 1948 cst
301 1888 368 1962 δεζη
377 1889 396 1959 ⁸,
413 1902 604 1951 memoratam
616 1889 728 1952 sienem
743 1901 904 1952 memorato
920 1911 1045 1950 numero
1057 1889 1186 1956 dierum.

180 1991 221 2050 ite
236 2002 269 2050 ut
282 1995 422 2076 majorem
437 1993 558 2078 quidem
573 1993 756 2078 discessionis
771 1991 928 2060 ambitum,
943 1993 995 2075 qui
1015 2001 1059 2052 est
1077 1990 1114 2052 eb
1128 1991 1188 2051 eois

181 2093 219 2152 od
238 2094 371 2164 occidue,
387 2095 443 2156 hoc
457 2093 579 2168 est'nde,
594 2095 815 2180 quadringentis
834 2092 1027 2178 qnadraginta
1047 2103 1112 2152 octo
1127 2112 1188 2174 per·
1273 2097 1277 2106 '

181 2207 262 2278 agret
275 2196 393 2268 diebus,
409 2199 553 2260 minorem
567 2219 635 2260 vero
650 2197 932 2280 depressioremque,
945 2195 975 2256 id
991 2205 1034 2256 eet
1048 2193 1100 2264 εζη
1110 2191 1129 2262 ’,
1146 2215 1188 2256 re·

179 2297 269 2380 iiquis
280 2311 398 2360 centum
410 2311 439 2361 et
450 2301 567 2382 triginta
579 2321 627 2360 sex
642 2300 792 2360 :maximo
805 2299 949 2381 siqnidem
957 2297 1142 2358 discessionis
1150 2296 1188 2358 eb

181 2401 310 2462 occiduis
322 2401 360 2462 ed
370 2423 422 2463 eoa
434 2403 577 2486 prolepsin
589 2403 644 2464 hoc
655 2402 772 2462 dierum
783 2421 909 2462 numero
919 2411 1078 2470 revocatur,
1090 2411 1123 2460 ut
1134 2399 1187 2462 ste

181 2525 274 2585 quens
287 2517 418 2566 velerum
432 2507 562 2568 virorum
576 2505 737 2594 observatio
752 2503 848 2588 pidem
863 2505 936 2566 fecit.

216 2671 220 2694 ¹
240 2667 267 2716 ld
277 2678 334 2720 estc
344 2669 394 2720 Sole
402 2668 510 2720 occidente
521 2670 623 2720 ornnem
632 2687 705 2720 cerem
715 2668 810 2718 discens.

215 2755 224 2779 ¹
239 2751 297 2803 Vide
309 2754 424 2825 Notans.

214 2840 269 2893 Ἀ,
282 2839 305 2886 Μ
315 2837 461 2888 echebent
470 2839 501 2888 od
509 2839 588 2888 Solem.

215 2924 221 2948 ι
240 2925 274 2976 Μ1
289 2913 311 2974 ε

214 2998 527 3063 'nodemest-
958 3035 965 3048 ·

214 3093 222 3118 ⁶
240 3091 276 3138 Sic
289 3093 308 3138 A
320 3091 343 3139 in
356 3091 471 3157 margine,
482 3099 506 3140 et
515 3093 533 3140 F
542 3090 567 3140 in
575 3101 647 3141 textu.
661 3093 683 3140 Μ
696 3101 719 3140 et
729 3094 748 3139 Α
759 3091 782 3140 in
792 3099 867 3147 textu,
879 3089 1060 3158 perpendendum.

214 3177 221 3201 ⁷
241 3175 267 3222 ld
279 3184 313 3224 est
322 3175 448 3242 epicyclum.
462 3175 520 3225 Vide
531 3177 613 3226 Notum
624 3195 644 3224 e.

214 3262 222 3285 ⁸
240 3261 276 3314 M,
290 3249 358 3311 δεξη.

213 3345 221 3368 ⁹
240 3341 278 3388 Sic
289 3343 318 3396 F.
332 3352 401 3392 recte.
416 3345 446 3398 A.
458 3335 510 3396 (tn.
525 3347 561 3400 Μ,
578 3338 630 3396 ξιπ-
