2970 4822
482 429 537 490 DE
560 429 857 494 ASTRONOMIA.
1118 437 1175 498 157

164 557 355 653 Sphaericus
374 580 452 651 ergo
471 580 571 628 mons
588 555 709 626 decem
729 555 916 626 stadiorum
938 555 982 626 ad
997 559 1177 653 perpendi-

163 681 281 750 culum
307 678 521 754 altitudinem
548 677 678 748 habens
705 677 749 749 ad
774 692 882 754 totam
903 678 1019 751 Terrae
1046 683 1176 753 molem

163 803 273 873 multo
289 805 460 872 minorem
478 803 738 896 proportionem
753 799 878 880 habet.
893 827 996 898 quam
1015 828 1091 897 pars
1108 830 1177 874 una

163 925 248 992 milii
260 926 361 1018 vgrani
378 926 413 992 in
432 925 600 1018 sexaginta
618 936 767 1018 quatuor
784 924 890 995 millia
911 914 1061 1017 partium
1079 925 1176 998 divisi

163 1044 206 1115 ad
224 1043 391 1140 sphaeram
410 1048 507 1140 cujus
525 1043 713 1116 diametros
725 1069 835 1118 unum
852 1043 977 1138 pedem
992 1047 1095 1142 longa
1110 1063 1174 1132 est3

162 1191 263 1237 mons
273 1181 389 1237 autem
399 1192 470 1236 non
481 1167 679 1260 sphaerlcus,
692 1166 751 1236 sed
763 1167 871 1264 qualis
884 1171 1053 1262 aspicitur,
1066 1171 1176 1242 multo
1209 1221 1212 1228 ·

163 1293 266 1358 etiam
278 1293 463 1359 minorem.
478 1288 671 1384 Atquitalis
688 1313 765 1382 pars
780 1289 866 1358 milii
883 1292 994 1382 grani,
1015 1295 1175 1362 extrinse-

162 1434 222 1480 cus
244 1409 358 1481 addita
381 1409 521 1504 sphaerae
542 1412 644 1480 unius
665 1409 779 1503 pedis,
806 1409 931 1480 autab
955 1411 1011 1482 illa
1034 1416 1176 1487 seorsim

162 1530 297 1602 ademta
321 1545 355 1602 et
378 1545 549 1612 excavata,
575 1531 707 1602 nullam
730 1533 873 1612 omnino
898 1529 998 1602 saciet
1019 1531 1176 1605 differen-

159 1655 253 1724 tiam.
278 1653 396 1748 Neque
422 1677 502 1748 ergo
524 1651 644 1723 decem
667 1652 855 1724 stadiorum
879 1653 1096 1730 altitudinem
1120 1656 1177 1728 ha·

158 1775 244 1844 bens
258 1774 301 1844 ad
312 1773 600 1870 perpendiculum
613 1799 713 1846 mons
725 1776 969 1846 excelsissimus
979 1803 1018 1847 ea
1037 1793 1087 1849 est
1100 1804 1176 1873 pro

158 1901 332 1991 portione,
354 1899 437 1992 quin
456 1897 619 1991 sphaerica
635 1900 678 1966 sit
697 1901 854 1985 universa
870 1897 995 1968 Terrae-
1004 1904 1175 1997 marisque

159 2017 363 2113 superficies.
378 2017 493 2089 Terrae
505 2010 652 2089 ambitus
665 2019 852 2091 stadiormn
866 2033 917 2090 est
931 2020 1094 2106 25n0003
1109 2023 1177 2094 dia·-

160 2123 302 2222 metros,
316 2139 1174 2240 8011823quadratumediametro,6l127r5312l13

161 2259 286 2341 cubus.
300 2261 1173 2360 5153l119917885683euhidecimaquartapars‚

162 2379 516 2480 368101t2270612
545 2383 571 2478 [‚
593 2387 689 2480 cujus
712 2387 815 2480 partis
837 2386 984 2480 septupli
1008 2399 1043 2464 et
1068 2391 1176 2458 tertiae

159 2504 262 2598 partis
273 2529 421 2585 summa,
437 2530 533 2602 aequa
545 2505 661 2576 Terrae
672 2506 771 2586 moli,
787 2507 975 2577 solidorum
988 2508 1175 2583 stadiorum

161 2639 209 2695 est
229 2625 604 2724 2699l110d3317821
635 2625 705 2722 ιβ]
716 2681 907 2701 ........
912 2665 914 2670 v
925 2683 1166 2702 ..........

158 2932 238 3014 quod
253 2943 368 3014 oportet
383 2932 441 3014 legi
460 2931 538 3010 (vide
553 2953 618 3014 quae
631 2954 718 3014 supra
735 2931 806 2990 dixit
825 2944 933 3001 auctor,
953 2944 981 2992 et
999 2931 1104 2992 Nolam
1123 2935 1173 3011 u),

160 3039 250 3100 sunt<
261 3047 290 3095 et
299 3024 442 3118 quadrata
447 3035 551 3116 figura,
562 3057 626 3116 quae
632 3034 706 3094 nihil
714 3034 752 3094 ad
760 3055 830 3094 rem.
839 3035 915 3096 Vide
920 3035 1064 3096 Tabulam
1074 3058 1099 3104 n,
1106 3041 1137 3094 n⁰
1145 3055 1172 3096 a.

202 3135 211 3164 ⁰
233 3139 266 3198 In
283 3139 383 3200 codice
396 3143 573 3220 τετράγωνα.

195 3240 214 3267 ¹⁰
237 3241 400 3301 Numerum
421 3242 502 3302 hunc
525 3253 553 3301 et
576 3254 728 3324 sequentes
751 3263 853 3301 omnes
875 3241 1012 3304 librarius
1034 3241 1174 3328 mendose

159 3344 281 3424 scripsit.
297 3344 371 3404 Vide
386 3345 443 3405 loci
459 3344 649 3431 apographon
665 3347 694 3404 in
710 3345 822 3406 Tabula
834 3366 865 3413 n,
882 3352 913 3404 n⁰
926 3366 959 3413 α,
976 3357 1005 3404 et
1020 3345 1127 3404 Notum
1142 3365 1173 3404 rr.

190 3444 210 3474 '¹¹
234 3445 404 3519 Quaeuncis
424 3449 612 3515 inclusimus,
633 3447 750 3508 anobis
766 3446 881 3515 addita,¹
897 3458 1028 3506 mentem
1049 3447 1174 3506 auctoris

157 3549 331 3632 complent:
346 3552 522 3634 pro'quibus
537 3553 568 3610 in
582 3552 683 3612 'codice
698 3563 741 3612 est
755 3551 895 3633 longioris
908 3549 1020 3610 laeunae
1037 3551 1174 3630 signum

157 3673 227 3712 nam
248 3655 361 3736 paginae
376 3647 459 3713 tertie
477 3654 537 3714 fere
553 3677 618 3736 pars
637 3653 702 3717 olba
720 3653 818 3713 relicta
831 3666 875 3713 est
894 3654 998 3737 :quod
1016 3651 1174 3728 olibi-nus·

156 3777 247 3838 quam
263 3757 296 3815 in
310 3739 530 3817 codicevideas.
544 3758 617 3830 Quae
635 3767 774 3840 praeterea
794 3757 915 3824 desunt,
931 3757 962 3818 in
983 3757 1056 3816 Nou
1070 3775 1090 3814 u
1106 3777 1173 3835 sup·

156 3859 282 3940 plentur.
