2970 4822
470 408 526 470 DE
549 406 848 470 ASTRONOMIA.
1105 407 1160 468 lol

152 539 255 608 etiam
277 559 412 630 semper
435 531 610 603 dimidiam
633 530 755 602 mundi
780 545 913 626 purtem
931 554 1032 624 supra
1058 534 1166 626 ipsam

152 661 314 754 spectari,
334 671 392 727 aut
411 657 655 750 paulominus.
673 654 718 724 Et
740 653 782 724 de
800 652 912 731 forma
929 652 1071 748 quidem
1092 657 1167 726 uni-

152 783 240 850 versi
256 793 289 850 et
304 775 434 858 Terre,
450 790 612 872 praeterea
627 775 674 846 de.
687 775 791 871 hujus
805 778 973 869 positione
985 777 1020 844 in
1036 773 1166 856 medio,

155 900 244 974 etde
258 901 407 970 insensili
422 923 493 994 prae
505 901 663 969 universo
682 900 786 991 ipsius
799 895 1051 991 magnitudine,
1066 921 1171 992 quun·

155 1047 260 1117 quarn
287 1023 396 1092 multa
421 1014 524 1091 eliam
548 1019 614 1090 diei
639 1032 794 1114 possunt,
815 1017 859 1088 ad
882 1043 921 1088 ea
939 1032 1072 1099 tumen,
1094 1041 1172 1113 quae

155 1159 361 1239 sequuntur,
381 1141 565 1222 tradenda,
583 1139 755 1211 sufficient
771 1165 848 1237 quae
867 1137 909 1209 ab
928 1139 1072 1210 Adrano
1090 1159 1173 1234 prae·¹

157 1266 287 1336 dietum
304 1269 341 1334 in
356 1263 502 1334 modum
516 1275 702 1334 monstrata
716 1275 804 1332 sunt.
824 1263 863 1331 In
878 1259 1100 1356 sequentibus
1115 1283 1173 1330 uu,

159 1395 229 1459 tem
248 1389 350 1459 dicit:
462 1413 463 1420 ’

594 1551 694 1632 [error
710 1577 747 1633 v.]

170 1675 173 1680 Ι
266 1707 308 1756 DE
325 1707 513 1756 PARALLELIS
532 1705 561 1754 ΙΝ
581 1705 711 1754 SPHAERA
730 1707 894 1756 {NERRANTI
914 1667 1062 1757 emenus.

209 1859 329 1949 Quum
336 1859 466 1942 feratur
473 1858 604 1952 sphaera
614 1858 756 1928 coelestis
764 1861 1066 1932 circumimmotos
1075 1863 1177 1953 ipsius

160 1983 256 2078 polos
272 1996 307 2052 et
321 1985 451 2052 circum
469 2005 566 2050 axem
580 1983 640 2075 qui
658 1981 735 2050 iilos
749 1984 878 2076 jungit,
897 1985 993 2077 cujus
1010 1986 1045 2052 in
1063 1982 1178 2052 medio

162 2103 275 2172 media
290 2099 356 2172 fixa
374 2116 424 2172 est
438 2101 561 2181 Terra,
581 2115 668 2173 astra
686 2105 816 2187 omnia,
839 2129 919 2172 cum
934 2103 1066 2197 sphaera
1078 2102 1179 2174 simul

163 2221 374 2301 circumlata,
390 2235 423 2290 et
437 2224 593 2291 universe
608 2235 735 2315 puncta
748 2224 783 2289 in
800 2223 887 2293 eoeio
903 2225 1019 2292 omnia
1036 2223 1180 2294 cirorrlos

164 2341 363 2412 describunt
375 2343 569 2438 parallelos,
587 2343 623 2412 id
637 2358 687 2413 est
702 2343 867 2438 [exomni
883 2343 991 2439 parte]
1007 2345 1181 2440 aequaliter

165 2465 312 2534 invicem
320 2461 493 2543 distantes,
506 2477 540 2532 et
549 2467 600 2532 axi
611 2463 653 2533 ed
664 2463 1052 2558 perpendiculumsitos,
1062 2480 1180 2560 utpote

164 2585 253 2680 polis
262 2583 394 2671 iisdem,
408 2587 467 2679 qni
478 2599 558 2654 sunt
568 2599 602 2654 et
611 2588 846 2666 universitatis,
860 2587 1182 2680 descriptos.Quum

165 2695 281 2778 autern
299 2711 366 2778 sint
384 2708 439 2776 aiii
458 2706 599 2804 quidem
617 2711 711 2778 astris
730 2709 975 2788 numerabiles,
996 2710 1052 2781 aiii
1068 2713 1182 2782 eutem

166 2833 287 2905 ceteris
299 2833 432 2926 punctis
442 2851 552 2926 prope
568 2833 755 2911 innumeri,
771 2835 869 2925 pauci
882 2831 1023 2928 quidam
1036 2853 1179 2914 nomen,

168 2977 237 3045 quo
257 2948 542 3033 discernerentur,
563 2952 803 3033 obtinuerunt,
818 2979 903 3050 quos
918 2953 1017 3024 nosse
1033 2955 1116 3028 utile
1134 2969 1184 3026 est

170 3071 213 3142 ad
226 3074 552 3167 contemplationem
569 3098 689 3144 eorum
703 3099 779 3170 quae
794 3078 829 3144 in
845 3075 932 3146 coelo
947 3073 1182 3169 perficiuntur.
1282 3073 1286 3081 ’

170 3193 264 3263 Unus
281 3195 422 3289 quidem
441 3210 493 3265 est
510 3199 597 3265 circa
618 3197 746 3266 elatum
764 3195 863 3266 nobis
886 3221 1088 3293 semperque
1106 3222 1186 3269 eon-

172 3318 327 3407 spicuum
340 3317 476 3410 poium,
498 3343 634 3411 semper
649 3333 683 3386 et
695 3322 765 3413 ipse
785 3321 1003 3412 conspicuus,
1018 3321 1078 3413 qui
1093 3321 1187 3390 arcti-

173 3462 230 3506 cus
239 3437 513 3534 dieiturpropter
520 3439 619 3510 Ursas
628 3443 664 3508 in
674 3464 714 3510 eo
726 3439 835 3511 sidera
848 3439 960 3511 iactas.
971 3440 1064 3512 Alius
1073 3455 1187 3512 autem

215 3611 225 3640 ²
248 3613 281 3670 in
297 3612 397 3672 codice
411 3614 535 3692 ἀπλανῆ.

216 3712 226 3741 ³
249 3715 283 3774 In
294 3713 399 3774 codiee
414 3713 458 3774 διὰ
472 3720 606 3794 σημείου.

217 3813 226 3844 ⁴
248 3816 281 3876 ln
297 3817 399 3878 codice
415 3819 457 3888 ἧς.
