2970 4822
468 477 524 538 DE
547 475 847 538 Asrflottotssl.
1107 473 1161 536 l'll

159 603 361 670 nominatum
382 623 487 688 presse
508 600 686 687 sequitur-¹.
709 599 833 666 Adrasti
857 621 920 665 non
943 621 1009 664 esse
1031 601 1166 666 ostendi·

158 739 232 782 muo
248 739 284 782 eu
299 737 372 801 quae
386 714 426 780 ad
442 735 564 780 onnum
581 712 837 780 anomalisticum
853 723 995 800 spectent
1004 713 1027 776 ².

624 914 636 969 5
659 918 700 970 15.

158 1049 191 1086 oo
210 1049 281 1088 tum
299 1047 331 1086 ΒΤ
347 1046 499 1090 summu
519 1045 670 1084 ornatuum
685 1043 799 1082 northus
814 1044 844 1080 AC
859 1042 1054 1089 tumultuum
1066 1043 1165 1090 Ιθῖὓθ,
1239 1091 1242 1098 Ι

353 1142 384 1178 tt'r
404 1141 438 1176 DE
458 1106 654 1176 annominemus
674 1137 707 1174 ΑΙ)
727 1137 758 1172 ΕΛ
777 1135 969 1173 auscultamus.

203 1271 316 1338 Theon
338 1280 446 1350 autem
472 1281 578 1336 oenset
599 1269 699 1334 Luuae
720 1278 752 1334 et
772 1267 978 1333 erraticorum
1002 1267 1165 1334 stellarum
1212 1289 1261 1345 op.
1276 1301 1342 1332 mn·

158 1385 290 1469 tuique,
308 1394 387 1470 quot
402 1380 469 1448 Soli
486 1403 553 1446 esse
569 1381 684 1452 credit,
701 1379 834 1447 totidem
848 1380 946 1446 etiam
962 1403 1029 1446 esse
1044 1391 1164 1455 motm,
1231 1355 1250 1386 ἰ
1260 1359 1318 1390 xm.

157 1495 192 1560 id
204 1494 294 1559 estin
311 1492 559 1578 longitudinem,
577 1491 780 1558 latitudinem
790 1504 822 1558 et
838 1492 1043 1561 altitudinem
1059 1494 1165 1581 singu·

156 1607 218 1682 l0s;
235 1606 290 1672 sed
313 1617 375 1670 tres
396 1605 467 1672 illos
484 1617 606 1678 motus,
624 1604 683 1694 qui
699 1604 732 1670 in
750 1604 823 1670 Solo
844 1627 956 1670 omnes
973 1605 1087 1672 eodem
1092 1607 1166 1693 foro

156 1731 298 1804 tempore
319 1717 547 1788 coniiciuntur,
571 1716 682 1782 ceteris
702 1739 771 1782 esse
793 1717 932 1784 maxime
953 1717 1108 1790 diversos,
1135 1731 1167 1784 et

154 1843 262 1896 tamen
279 1829 404 1894 duabus
427 1829 541 1894 iisdem
562 1828 813 1916 hypothesibus,
831 1829 896 1895 sive
917 1851 975 1916 per
992 1831 1167 1896 concentui·

154 1965 229 2008 cum
247 1954 278 2006 et
293 1941 490 2028 epicyclum‚
504 1941 569 2006 sive
585 1963 643 2027 per
659 1941 876 2006 euoentricum
892 1941 1042 2029 explicari
1058 1965 1164 2030 posse,

12 2103 14 2134 r
119 2127 122 2132 ¹
154 2053 331 2119 dummodo
345 2053 539 2117 circulorum
554 2052 659 2117 radios
673 2064 704 2116 et
719 2053 956 2118 revolutionum
973 2055 1007 2119 in
1022 2077 1166 2142 unoquo

154 2187 218 2251 que
235 2165 355 2230 cuculo
370 2176 515 2250 tempora
532 2175 604 2250 apte
615 2163 761 2250 elegerim
779 2165 846 2232 Soli
858 2188 932 2232 vero
944 2177 975 2230 et
988 2167 1087 2230 Lunae
1100 2189 1165 2232 non
1194 2146 1199 2155 .
1216 2247 1220 2256 Ι

155 2299 221 2340 esse
243 2276 390 2340 stationes
414 2298 520 2361 neque
547 2286 769 2364 retrogressus,
793 2277 868 2363 quia
889 2279 943 2344 Sol
970 2279 1082 2344 eodem
1095 2281 1167 2367 fore

155 2399 300 2474 tempore
316 2386 496 2474 epicyclum
513 2388 687 2473 percurrit,
704 2410 769 2474 quo
786 2389 920 2476 epioycli
939 2402 1087 2456 oentrum
1107 2393 1165 2458 oir-

155 2497 222 2564 ouit
237 2499 490 2569 concentuum,
507 2511 538 2564 et
548 2499 623 2585 quin
635 2500 734 2564 Luuae
746 2512 852 2566 motus
862 2502 896 2567 in
911 2503 1053 2591 epioyolo
1065 2485 1168 2590 ipsius

155 2609 289 2696 epicyoli
313 2621 403 2674 motu
425 2610 545 2674 tardior
567 2622 622 2676 est.
647 2611 720 2676 Jum
741 2635 828 2678 nunc
852 2635 926 2678 vero
952 2614 1080 2680 evidens
1102 2627 1167 2687 est,

154 2722 315 2809 quidquid
332 2723 429 2788 etiam
445 2722 506 2788 hac
522 2721 562 2787 de
579 2746 613 2788 re
629 2723 741 2788 Theou
753 2723 861 2790 dicere
874 2727 1029 2811 potuerit,
1044 2749 1101 2814 per
1117 2750 1167 2792 ex-

153 2825 331 2902 centricum
348 2835 493 2903 tardioris
512 2835 645 2921 quidem
663 2847 786 2910 motus,
803 2837 859 2902 sed
877 2859 948 2921 non¹
961 2850 1167 2926 retrogressus

153 2949 310 3014 rationem
323 2948 415 3012 reddi
427 2969 534 3034 posse,
549 2959 580 3012 el
591 2948 710 3012 idcirco
719 2949 819 3016 stellis
831 2950 977 3036 quinque
993 2953 1170 3018 necessario

154 3059 375 3126 adhibendum
391 3083 458 3124 esse
475 3059 665 3146 epicyclum.
1150 3147 1156 3160 ὓ

200 3170 311 3236 Theon
325 3194 398 3258 ergo
412 3194 476 3236 non
490 3171 644 3236 intellexit
657 3173 851 3258 explicandis
864 3177 965 3238 Lunae
979 3186 1009 3238 et
1021 3177 1166 3262 quinque

155 3281 330 3358 errantium
350 3283 515 3348 stellarum
539 3284 678 3350 motibus
697 3286 911 3350 excentricum
934 3287 1165 3374 et'epioyclum

155 3411 220 3454 non
238 3394 423 3477 separatim,
436 3395 492 3460 sed
504 3395 600 3460 simul
618 3395 714 3460 fuisse
727 3397 942 3470 adhibendos,
960 3411 995 3463 ut
1009 3400 1083 3464 lecit
1096 3401 1167 3464 Pto-

154 3503 283 3566 lemaeus
293 3504 316 3568 ³.
330 3505 456 3569 Primus
466 3506 753 3572 enimPtolemaeus
763 3511 937 3574 secundam
949 3512 1049 3575 Lunae
1062 3523 1166 3576 motus

88 3715 93 3724 .
194 3673 200 3700 ¹
225 3669 288 3722 Vide
300 3670 382 3742 hujus
394 3670 460 3724 Dios.
473 3681 539 3744 port.
553 3673 591 3734 ΙΙ,
606 3692 627 3726 c.
642 3670 703 3732 rut
718 3673 761 3726 17,
776 3674 815 3726 Cs.
831 3672 886 3736 88,
904 3675 977 3728 luet
993 3677 1034 3728 19.

191 3764 201 3793 ²
222 3761 288 3814 Vide
301 3760 382 3832 hujus
396 3761 461 3816 Dios,
476 3775 540 3836 port.
556 3766 593 3828 ll,
607 3784 629 3818 c¹
644 3784 685 3829 tv,
700 3759 713 3818 S
729 3767 771 3820 13.

191 3855 201 3884 ³
222 3853 252 3905 ln
260 3852 343 3926 Comp-
355 3853 428 3908 mollo.
441 3854 471 3916 V,
486 3857 623 3922 2;X11,2‚
639 3870 664 3912 et
674 3859 702 3910 in
709 3857 890 3931 Hypotlusilus
898 3859 1029 3936 amulium
1039 3866 1165 3914 astrorum.
