2958 4824
467 431 522 490 DE
546 431 843 492 ASTRONOMIA.
1099 435 1156 496 241

151 569 236 634 tam,
258 555 447 625 accelerans
465 555 507 626 ad
525 587 558 646 y.
578 555 792 626 Translatum
811 559 852 626 sit
870 585 887 624 v
904 559 940 626 in
963 551 985 636 ξ
1003 582 1064 652 per
1086 583 1160 653 par-

151 689 223 746 tem
241 675 387 746 ambitus
405 691 560 771 quartam
578 701 696 748 arcum
720 670 771 757 νξ,
797 691 831 747 et
854 687 898 767 υφ
919 679 1085 750 circulum
1104 705 1160 775 ap-

152 798 308 891 plicuerit
324 799 452 870 circulo
475 799 542 891 χψς
567 799 625 870 Sol
648 812 780 877 autem,
806 813 919 870 motus
937 801 1163 894 persimilem

151 917 420 1010 praecedentibus
438 944 555 990 arcum
574 928 618 1010 υφ
635 922 722 988 circa
740 918 907 988 ambitum
928 928 986 1010 υφ,
1003 923 1045 991 sit
1061 923 1097 992 in
1114 952 1161 1016 χε
1243 905 1246 914 ’

47 1069 49 1078 ·
69 1025 73 1033 ’
152 1037 379 1132 apparebit-in
398 1068 423 1108 ω
441 1054 475 1110 et
488 1038 659 1110 videbitur
677 1063 835 1108 emensus
852 1063 921 1110 esse
939 1037 1006 1130 yde
1023 1043 1163 1140 epicyrli

152 1184 270 1230 arcum
289 1163 456 1256 majorem
475 1183 579 1254 quam
603 1173 758 1252 quartam
780 1172 928 1252 putem,
955 1175 988 1230 et
1010 1159 1164 1234 celeriter

153 1279 245 1350 abire
260 1306 279 1350 a
296 1311 320 1371 γ
338 1280 381 1350 ad
399 1277 426 1352 ὃ.
446 1281 591 1376 Reliquo
609 1271 651 1367 ξμ
667 1290 764 1349 motu
782 1282 976 1350 restituatur
991 1282 1042 1373 χψ
1059 1284 1094 1352 in
1112 1283 1163 1354 lo·

152 1429 232 1473 cum
251 1403 392 1499 epicycli
414 1399 503 1484 εζηκ,
523 1417 557 1472 et
579 1401 636 1472 Sol
654 1404 742 1496 ipse,
763 1402 893 1472 delatus
915 1427 978 1498 per
999 1405 1161 1488 similem,

153 1528 213 1618 qui
230 1538 397 1618 superest,
417 1547 535 1594 arcum
552 1523 619 1615 χψ,
639 1527 834 1594 restituatur
851 1527 886 1594 in
905 1552 936 1606 e,
954 1539 988 1596 et
1005 1543 1164 1622 appareat

152 1649 187 1714 in
207 1676 228 1715 α
249 1677 255 1715 :
276 1646 335 1718 Sol
357 1648 392 1714 in
416 1675 436 1714 α
463 1649 590 1739 positus
613 1643 785 1716 videbitur
810 1645 936 1718 zodiaci
959 1652 1163 1741 percurrisse

151 1791 269 1838 areum
287 1796 347 1848 ωα,
367 1770 539 1837 minorem
558 1789 661 1861 quam
677 1780 833 1860 quartam
851 1781 999 1862 partem,
1020 1783 1053 1838 et
1068 1769 1162 1841 tarde

151 1888 312 1960 accedere
339 1888 383 1958 ad
409 1917 439 1958 α.
466 1889 583 1983 Itaque
608 1887 798 1958 secundum
828 1886 917 1958 bane
948 1887 1162 1984 hypothesim

151 2011 239 2080 salva
262 2024 363 2080 erunt
386 2008 623 2103 phaenomena.
650 2007 737 2079 Nam
761 2008 950 2080 tardissime
975 2015 1105 2082 moveri
1130 2027 1163 2084 et

109 2179 112 2189 ι
151 2133 313 2200 minimus
336 2153 406 2200 esse
428 2133 540 2224 specie
562 2128 732 2200 videbitur
754 2129 812 2200 Sol
836 2134 925 2202 circa
947 2135 1106 2226 quintum
1130 2149 1163 2204 et

152 2251 333 2320 dimidium
340 2251 482 2344 gradum
490 2251 777 2331 Geminorum‚et
785 2251 960 2322 celerrime
970 2251 1049 2324 serri
1058 2259 1161 2324 maxi-
1226 2239 1232 2254 ⁸

150 2395 295 2465 musque
314 2395 384 2442 esse
402 2375 489 2441 circa
508 2370 668 2442 eumdem
692 2370 835 2466 gradum
856 2371 1020 2466 Sagittarii
1041 2405 1048 2444 :
1069 2376 1163 2470 quod

150 2494 562 2563 rationiconsentaneum.
577 2491 663 2562 Nam
677 2517 696 2562 a
708 2506 838 2587 puncto
855 2519 871 2562 ε
888 2497 1052 2566 transiens
1068 2495 1110 2566 ad
1124 2527 1158 2579 κ,

151 2613 235 2684 dum
254 2613 400 2682 circulus
418 2615 488 2705 ipse
506 2626 663 2684 movetur
681 2610 724 2681 ad
748 2641 780 2692 c,
805 2616 840 2682 in
864 2618 1066 2688 contrariam
1088 2641 1162 2712 par-

184 2815 203 2846 ¹¹
226 2817 261 2877 ln
276 2816 375 2879 codice
389 2827 433 2876 cst
446 2821 476 2884 ὁ,
492 2815 545 2878 sed
559 2816 640 2876 deest
653 2814 748 2886 atltae,
762 2815 806 2876 vel
825 2818 920 2898 potius
935 2813 1158 2902 Solis'signum,

151 2918 250 2978 litterae
264 2924 280 2977 ὁ
294 2917 454 2978 subsimile.
470 2916 545 2978 Vide
559 2916 701 2978 Tabulam
716 2937 747 2984 a,
763 2924 795 2976 n⁰
814 2939 858 2976 rr.

185 3019 205 3049 ¹⁹
227 3020 261 3080 ln
274 3021 374 3082 codice
385 3025 420 3080 τὸ
431 3005 476 3080 ὦ,

186 3119 206 3149 ¹³
227 3122 261 3181 ln
275 3123 375 3182 codice
389 3121 465 3182 Solis
480 3124 606 3205 signum.
623 3123 695 3184 Vide
710 3123 897 3194 Tabulam,
913 3131 944 3185 n‘
961 3149 1007 3188 ιι.

186 3222 204 3251 “
226 3222 260 3281 ln
275 3223 374 3284 codice
387 3210 428 3294 ἐξ.
442 3223 501 3284 Sed
516 3246 605 3306 supra
622 3224 684 3304 (sol.
702 3226 737 3285 13
752 3248 771 3284 α
785 3238 812 3286 et
831 3230 868 3294 rlr
880 3229 910 3307 a)
927 3239 1002 3288 recte
1018 3229 1048 3290 in
1060 3230 1158 3292 codice
1263 3263 1266 3268 ·

152 3326 259 3486 leqqtqr
269 3347 284 3384 e
294 3330 428 3486 dglvsstdv
437 3338 465 3386 et
472 3328 612 3405 areper'lqv
624 3331 768 3492 ἡμίσειαέ
776 3330 856 3410 quod
865 3329 1112 3494 idqnpbestatquee
1124 3334 1156 3392 ς’.

244 3449 312 3487 nco
334 3429 376 3487 ice
413 3444 437 3498 r,
453 3432 509 3489 scri
530 3443 601 3492 turae
615 3453 680 3492 com
701 3452 737 3492 en
761 3433 796 3492 ‘o.
813 3433 886 3494 Vide
962 3440 1060 3503 ,Μ’
1095 3482 1101 3496 .

184 3529 204 3559 ¹⁶
227 3531 262 3588 In
277 3529 375 3590 codice
389 3452 434 3606 ΖΜ
449 3452 529 3593 Vidd
536 3452 726 3604 Tabulampn‚
742 3541 773 3593 n⁰
788 3557 816 3620 9.
1072 3455 1091 3516 9

185 3630 205 3660 ¹⁷
228 3632 263 3690 ln
277 3631 376 3692 codice
391 3635 559 3710 μεταὲαινον
575 3637 642 3716 (sic,
658 3637 767 3719 absque
781 3641 924 3719 accentu).

186 3733 206 3764 ¹⁸
228 3734 263 3793 ln
278 3733 377 3796 codice
391 3743 441 3794 τοῦ
457 3736 572 3798 κύκλον.

154 3898 156 3902 ,
185 3835 206 3866 ¹⁹
228 3837 261 3896 ln
276 3834 374 3898 codice
388 3845 436 3919 τῷ.
