2970 4822
452 417 508 480 DE
530 417 827 480 ASTRONOMIA.
1103 419 1142 480 97

138 517 251 612 Tbeon
263 557 293 612 et
301 544 466 616 Adrastus,
477 553 603 614 contra,
614 545 772 628 vespertini
782 554 861 604 ortus
871 541 1018 613 nomine,
1028 539 1145 606 iutelli-

137 669 219 746 gunt
233 659 332 722 Lunae
344 665 416 745 post
432 654 649 729 novilunium,
664 653 716 719 vel
729 651 879 719 Mercurii
890 664 922 719 et
935 653 1065 719 Veneris
1077 665 1148 740 post

138 771 336 859 superiorem
359 768 634 855 conjunctionem,
655 765 727 832 Sole
744 777 822 829 tunc
843 765 977 830 celerius
992 766 1148 832 orientem

140 905 248 948 versus
258 882 405 947 euntium
416 929 423 955 ,
434 880 574 969 primam
586 889 658 966 post
667 877 747 942 Solis
758 899 904 942 occasum
918 878 953 941 in
963 858 1149 944 occidentali

140 996 305 1062 horizonte
318 993 547 1084 apparentiam.
562 989 718 1056 Similiter
730 989 841 1054 volunt
853 1011 964 1054 omnes
979 991 1048 1076 ejus
1060 1013 1151 1078 gene-

140 1108 183 1172 ris
198 1126 330 1174 occasus
343 1128 410 1171 esse
427 1104 548 1192 primas
566 1113 723 1167 astrorum
740 1101 774 1166 in
794 1101 875 1166 Solis
891 1101 995 1166 radios
1012 1103 1152 1167 inciden-

140 1221 226 1284 tium
243 1217 496 1288 obscurationes,
516 1215 635 1280 sivein
655 1225 742 1287 ortu,
759 1213 823 1280 sive
845 1213 879 1278 in
896 1237 1018 1280 occasu.
1038 1215 1154 1304 Liquet

143 1352 218 1416 ergo
232 1329 330 1393 stellis
349 1327 578 1399 inerrantibus,
598 1337 629 1390 et
646 1325 810 1390 stellarum
829 1327 1007 1392 errantium
1026 1327 1066 1392 iis
1081 1350 1154 1415 quas

144 1441 218 1507 Sole
233 1441 354 1506 tardius
372 1451 451 1504 eunt
470 1439 626 1504 orientem
649 1461 771 1512 versus,
789 1461 853 1504 non
878 1460 944 1502 esse
970 1438 1039 1526 ejus
1063 1461 1153 1525 gene

144 1553 188 1618 ris
204 1575 365 1626 occasum,
382 1551 444 1616 nisi
462 1554 671 1639 vespertinum,
690 1561 722 1615 et
736 1550 832 1614 illum
848 1573 913 1616 uno
931 1551 983 1616 die
1002 1551 1152 1639 posterio-

145 1689 215 1732 rem
236 1687 302 1730 esse
319 1665 437 1730 ultimo
455 1663 622 1751 apparenti
644 1685 770 1736 occasu,
785 1661 842 1750 qui
864 1661 1018 1750 Autolyco
1038 1660 1156 1728 dicitur

144 1782 325 1866 vespertinus
342 1773 488 1864 apparens
501 1799 634 1848 cccmus,
653 1786 684 1840 et
698 1775 868 1840 Ptolemaeo
886 1787 1011 1865 ἐσπερία
1025 1785 1157 1843 ἐπικατά-

145 1895 226 1958 δυσις
244 1899 414 1974 φαινομένη.
431 1887 509 1960 Sed,
528 1886 653 1952 Theoni
672 1898 704 1951 et
718 1885 851 1951 Adrasto
869 1887 1045 1974 neglectus,
1063 1885 1157 1953 Auto-

146 2002 217 2092 lyco
227 2005 388 2066 mututious
398 2023 544 2088 apparens
555 2023 674 2064 occasus
684 1999 1020 2064 diciturinerrantium
1031 2022 1158 2065 occasus

147 2115 218 2188 ille,
236 2113 308 2200 qui,
328 2135 402 2178 vero
424 2113 582 2178 matutino
605 2135 716 2177 occasu
739 2113 848 2200 paucis
869 2113 982 2177 diebus
1002 2113 1158 2200 superior,

150 2225 284 2290 ultimus
299 2235 371 2288 ante
386 2223 467 2289 Solis
481 2235 588 2289 ortum
604 2224 754 2297 cernitur,
776 2235 807 2288 et
826 2223 883 2310 qui
898 2225 1067 2290 Ptolemaeo
1084 2223 1160 2288 dici-

150 2347 204 2400 tur
216 2345 274 2402 ἑώα
287 2340 431 2424 πρόδυσις
445 2347 615 2420 φαινομένη.
624 2335 736 2400 Theon
748 2347 779 2400 et
787 2335 955 2410 Adrastus,
966 2347 1089 2410 eontra,
1103 2357 1161 2400 ma·

152 2449 241 2513 tutini
250 2469 368 2510 cccmus
378 2447 524 2522 nomine,
539 2447 723 2535 intelligunt
737 2449 836 2514 Lunae
852 2458 925 2518 ante
943 2447 1160 2522 novilunium,

150 2559 202 2625 vel
217 2558 368 2624 Mercurii
385 2569 417 2622 et
431 2559 562 2624 Veneris
578 2571 651 2624 ante
667 2555 865 2646 superiorem
884 2560 1160 2645 conjunctionem,

152 2673 225 2739 Sole
248 2683 327 2736 tunc
351 2671 445 2736 citius
471 2671 627 2750 orientem
650 2693 759 2736 versus
780 2671 946 2744 euntium,
966 2671 1106 2758 primam
1128 2672 1162 2736 in

153 2783 298 2851 orientali
314 2783 478 2849 horizonte
494 2760 624 2872 propter
640 2766 841 2849 Solis'radios
855 2783 1138 2850 obscurationem¹.

476 3019 482 3046 ‚
565 2965 698 3022 -sro

223 3099 257 3134 ut:
276 3075 438 3135 spumantium
459 3059 618 3134 coeuusrtutl
636 3096 748 3144 osotttt,
769 3097 901 3135 CONCENTU
921 3099 953 3134 BT
974 3099 1094 3137 mortuus.

204 3231 289 3294 Inter
308 3231 455 3316 antiquos
473 3241 687 3304 astronomos,
705 3231 762 3318 qui
779 3229 876 3303 Solis,
894 3216 993 3296 Lunae
1015 3244 1046 3297 et
1062 3255 1167 3297 erran·

158 3343 241 3407 tium
261 3341 423 3406 stellarum
444 3342 592 3407 omnium
610 3343 796 3408 circuitibus
815 3345 948 3411 Terram
966 3346 1165 3430 immobilem

159 3454 304 3520 coronari
328 3453 577 3526 arbitrabantur,
600 3477 715 3541 magna
734 3467 801 3520 erat
820 3456 975 3524 dubitatio
995 3457 1035 3523 de
1057 3458 1168 3524 ordine

199 3623 208 3653 ¹
228 3617 356 3675 Geminus
373 3636 434 3671 cum
451 3619 576 3692 Autolyco
594 3619 627 3673 de
646 3621 747 3674 ortibus
764 3635 789 3675 et
807 3623 941 3676 occasibus
958 3625 1099 3686 consentit,
1118 3625 1169 3678 nisi

160 3713 231 3790 quod
244 3731 301 3766 uno
310 3711 338 3764 in
352 3710 410 3764 loco
423 3714 465 3784 (p.
480 3714 513 3770 to
529 3712 656 3767 st'mnot.
674 3715 756 3778 1630,
770 3714 869 3788 indul.)
878 3735 910 3778 ,a
923 3733 951 3770 se
964 3715 1093 3771 dictorum
1107 3717 1170 3772 obli-

160 3817 218 3869 tus,
230 3805 263 3858 de
276 3803 423 3879 vespertino
437 3815 495 3857 ortu
506 3807 640 3878 apparenti
655 3825 715 3859 cum
730 3808 837 3862 Adrasto
850 3819 877 3862 et
886 3810 994 3864 Theona
1005 3810 1076 3864 l'scit.

1004 3917 1022 3980 l,

1234 3261 1285 3318 Cap.
1297 3275 1322 3304 xv

1224 3326 1244 3359 st
1255 3331 1334 3360 rxrvrr.
