2992 4822
482 429 539 490 DE
561 425 861 492 Astuototssl.
1137 429 1176 492 Ab

570 599 713 667 CAPUT
734 607 773 666 ll.

170 719 328 824 ¹tristanum
352 769 381 808 rs
405 765 596 808 sarnouorsnn
620 765 757 816 maronia
781 763 880 807 tonost
902 763 1047 806 osrsttsss
1070 763 1164 806 ntnsr

421 868 548 910 annolus
571 867 791 909 asrnoaonroos
814 845 922 908 nrnsnl

215 1005 396 1070 Eatantum
406 1002 446 1066 de
458 997 691 1072 mathematicis
700 997 879 1085 disciplinis
890 1019 924 1062 se
936 997 1099 1064 dicturum
1108 1021 1180 1088 pro-

168 1115 268 1180 fessus
284 1125 332 1181 est
345 1114 476 1183 Theon,
493 1131 566 1196 quae
586 1109 627 1174 ad
646 1109 787 1174 Platonis
807 1109 1044 1197 philosophiam
1064 1111 1179 1178 melius

169 1227 412 1315 intelligendam
424 1225 564 1290 facerent
574 1222 595 1288 ¹.
612 1222 687 1288 Plus
696 1233 811 1314 (umen
829 1221 933 1288 effecit
944 1245 1043 1310 qnam
1059 1225 1178 1312 promi·

169 1340 219 1406 sit.
236 1341 286 1404 De
302 1335 604 1405 astronomia'enim
615 1357 680 1400 non
696 1334 731 1400 id
747 1344 871 1403 tantum
890 1335 1010 1409 attulit,
1027 1336 1115 1423 quod
1129 1337 1179 1401 iu·

170 1451 348 1538 telligendis
363 1448 503 1516 Platonis
517 1447 607 1512 libris
622 1446 696 1512 satis
711 1446 802 1512 foret.
825 1447 889 1514 Sed
910 1469 962 1513 eas
981 1447 1022 1514 dc
1040 1449 1180 1516 motibus

170 1575 326 1631 astrorum
342 1560 607 1642 considerationes
620 1559 778 1647 exposuit,
795 1581 874 1647 qnae·
882 1559 1112 1648 philosophum
1124 1585 1178 1628 na·

168 1686 247 1740 turre
262 1697 373 1740 rernm
385 1673 562 1745 curiosum,
577 1682 608 1736 et
623 1683 695 1760 post
707 1671 941 1746 Eratosthenis,
961 1669 1177 1751 Archimedis,

167 1785 355 1862 Aristarchi,
374 1785 567 1874 Hipparchi,
585 1783 758 1872 Sosigenis,
773 1782 898 1854 Adrasti
914 1796 1059 1874 tempora
1071 1787 1178 1852 viven-

167 1912 234 1966 tem
246 1901 404 1966 decerent.
418 1897 515 1986 Apud
526 1916 603 1963 eum
613 1909 831 1985 ergo„praeter
842 1897 960 1971 multa,
976 1899 1093 1985 partim
1105 1899 1177 1964 hac·

168 2024 261 2078 tenus
276 2013 419 2100 ignorata
435 2011 542 2084 nobis,
560 2010 601 2076 de
617 2010 828 2076 anterioribus
842 2010 1042 2080 astronomiae
1056 2021 1179 2098 tempo·

168 2124 272 2198 ribus,
288 2123 519 2212 compendium
535 2123 630 2189 totius
644 2122 843 2191 astronomia
859 2144 965 2208 graecae
981 2123 1178 2198 invenimus,

170 2237 274 2324 qualis
293 2237 328 2302 in
345 2236 600 2302 doctissimorum
616 2258 653 2300 ea
669 2235 709 2299 de
725 2257 760 2300 re
781 2233 1048 2322 philosophorum
1064 2235 1180 2300 scholis

168 2348 266 2436 paulo
274 2359 347 2414 ante
358 2347 565 2414 Ptolemaeum
575 2345 647 2412 suis
660 2346 739 2424 Quae
749 2346 857 2412 omnia
870 2347 982 2434 quanti
994 2347 1060 2412 sint
1068 2349 1178 2436 pretii,

169 2457 262 2526 facile
274 2460 458 2534 aestimabit,
469 2460 527 2548 qni
539 2458 798 2524 animadverterit
810 2469 938 2534 cuncta,
949 2471 1064 2547 praeter
1075 2483 1180 2526 unum

168 2571 302 2638 minoris
314 2571 471 2638 momenti
480 2570 761 2662 commentarium,
774 2571 949 2660 Hipparchi
961 2594 1071 2660 opera,
1083 2584 1181 2660 atque

167 2685 277 2751 omnia
300 2667 397 2772 opera
418 2695 688 2756 astronomorum,
714 2683 911 2771 quicumque
938 2684 1021 2748 inter
1045 2685 1179 2772 Hippar-

167 2797 268 2864 chum
281 2807 312 2863 et
320 2797 533 2866 Ptolemaeum
545 2797 739 2869 floruerunt,
757 2807 871 2884 praeter
884 2795 1060 2862 Geminum
1074 2809 1106 2864 et
1115 2797 1179 2865 sor,

168 2933 223 2974 san
248 2910 470 2983 Cleomedem,
489 2909 529 2975 de
550 2910 642 2997 cujus
663 2919 753 2974 aetate
779 2909 961 2996 ambigitur,
988 2921 1019 2976 et
1040 2929 1180 2997 quorum

170 3033 304 3110 uterque
321 3022 437 3087 arduas
453 3021 591 3086 scientiae
608 3033 713 3110 partes
725 3022 879 3110 neglexit,
894 3023 1016 3110 injuria
1028 3024 1180 3112 temporis

169 3133 339 3209 interiissea
356 3133 401 3199 ita
418 3145 456 3198 ut
473 3157 575 3222 usque
593 3158 681 3203 nnnc
697 3157 762 3200 non
779 3135 818 3200 sit
831 3134 1016 3210 definitum,
1031 3136 1110 3223 quid
1122 3159 1181 3224 per

169 3265 236 3309 sese
251 3245 318 3333 ipse
335 3247 515 3335 praestiterit
530 3247 734 3322 Ptolemaeus,
749 3247 832 3335 quid
848 3247 1031 3337 Hipparcho
1044 3259 1099 3313 aut
1111 3249 1180 3314 aliis

169 3357 302 3422 debeat:
315 3359 366 3424 cui
383 3359 541 3425 solvendae
555 3358 725 3447 quaestioni
741 3359 882 3426 Theonis
895 3359 1088 3425 Astroaoms'n
1098 3360 1180 3425 mul-

169 3481 240 3533 tum
253 3469 491 3538 affertluminis.
504 3471 788 3538 Multarum-etiam
798 3472 1004 3559 opinionum,
1013 3472 1054 3536 de
1063 3473 1181 3559 quibus

169 3581 267 3646 tacuit
290 3581 492 3658 Ptolemaeus,
521 3595 552 3650 et
572 3584 660 3649 illius
681 3585 857 3676 praesertim
883 3607 955 3672 quae
978 3585 1128 3651 Mercurii
1150 3599 1181 3652 et

208 3734 216 3763 ¹
236 3729 341 3785 Arithm.
355 3749 378 3784 c.
390 3749 413 3794 1,
427 3750 453 3804 p.
471 3751 545 3796 r·ss;
559 3744 587 3787 et
600 3733 677 3796 Mna,
687 3753 709 3788 c.
722 3752 746 3797 1,
759 3753 787 3808 p.
802 3738 837 3806 7l
850 3731 989 3798 bolliuldi3
1005 3734 1101 3790 Astron.
1116 3734 1178 3807 Epi·

165 3824 233 3896 log.,
246 3823 291 3879 iol.
307 3826 341 3878 28
356 3823 378 3878 b.
