3016 4826
325 439 386 502 tet
584 436 769 500 GEOllGll
792 437 1076 500 rtcflruuuls

323 559 490 642 chymerem
510 579 592 642 ergo.
608 571 710 642 preater
727 559 929 643 quotidianam
951 561 1186 628 conversionem,
1206 581 1272 644 que
1292 582 1336 620 oo-

323 675 393 724 tave
410 661 542 746 sphaerae.
558 663 633 726 sicut
647 675 678 724 et
690 665 791 724 ceteris
810 663 963 732 omnibus.
984 684 1069 724 nonae
1088 662 1205 746 sphaerae
1225 664 1335 745 impetu

322 765 509 847 inrprimitun
525 766 678 828 lentissimi
692 765 753 826 duo
765 778 832 826 sunt
849 778 956 828 octavae
968 767 1087 849 sphaerae
1099 766 1209 850 proprii
1223 776 1334 835 motus,

313 867 393 930 ,alter
404 868 644 936 orientem,alter
652 870 834 932 occidentem
844 867 1064 944 versus.Quum
1075 871 1156 932 enim
1164 869 1222 930 dici
1231 871 1335 952 possit,

323 971 382 1032 sive
400 983 507 1053 puncta
529 972 740 1055 aequinoctialia
762 972 879 1055 spherae
900 971 950 1034 illa
972 971 1090 1034 terentis
1114 972 1295 1034 revolutione
1319 995 1336 1031 a

323 1073 411 1135 stellis
427 1095 562 1136 occasum
580 1097 678 1138 versus
698 1075 863 1145 discedere.
880 1075 939 1136 sive
960 1073 1056 1147 stellas
1076 1075 1194 1159 spherae
1213 1073 1277 1134 illas
1296 1074 1335 1135 le

323 1175 416 1238 rantis'
424 1178 604 1242 revolutione
615 1179 758 1240 orientem
768 1199 867 1240 versus
878 1177 1026 1240 discedere
1035 1178 1073 1240 ab
1085 1176 1335 1261 aequinoctialibus

323 1281 451 1361 punctis.
463 1303 511 1342 eas
523 1279 711 1366 hypotheses,
723 1303 798 1365 quas
812 1282 875 1365 ipse
887 1283 918 1342 iu
930 1280 1095 1364 fragmento
1110 1300 1133 1340 11
1149 1279 1334 1348 discreverat,

322 1393 352 1444 et
366 1403 493 1465 quarum
508 1383 678 1446 alterutram
696 1383 803 1467 eligere
820 1383 983 1467 oportebat,
1002 1383 1103 1446 ambas
1119 1404 1200 1444 nuno
1215 1383 1333 1465 ineptis·

323 1484 396 1545 sime
417 1487 578 1569 conjungit.
603 1487 662 1550 Nec
684 1487 721 1548 de
742 1488 934 1548 inerrantium
955 1486 1104 1548 stellarum
1129 1486 1334 1550 commenticio

322 1585 372 1648 illo
386 1587 497 1652 alterno
512 1611 600 1651 cursu
612 1589 619 1620 ¹
636 1591 776 1672 cogitasse
790 1590 938 1672 putandus
952 1603 1005 1652 est.

364 1690 408 1752 Da
424 1693 585 1752 errantium
598 1703 744 1754 astrorum
756 1694 788 1752 in
800 1692 907 1756 zodiaci
922 1691 1107 1776 longitudine
1119 1693 1332 1754 revolutionum

323 1791 502 1874 temporibus
516 1795 648 1875 vulgatos
662 1793 824 1878 plenosque
838 1816 984 1856 annorum
1003 1816 1141 1875 numeros
1156 1794 1254 1864 refert.
1271 1806 1333 1854 tem·

320 1914 416 1976 perans
435 1895 554 1957 nominc
568 1916 660 1958 anuos
674 1895 815 1958 indicans.
837 1897 951 1958 Adrasti
971 1896 1149 1978 peripatetici
1168 1895 1299 1978 exemplo
1311 1894 1330 1964 ²,

322 2008 396 2058 astra
409 2018 468 2060 non
482 2019 535 2081 per
544 1997 680 2068 circulos,
692 2000 742 2062 sed
753 2022 803 2083 per
813 1999 938 2082 sphaeras
948 2010 1053 2060 movet.
1065 1997 1224 2060 Altitadinis
1234 2009 1333 2061 autem

323 2099 1331 2186 nominevocatupopeum,dejectionirqroenomineperipeum.Deaxium

322 2223 391 2286 arga
402 2204 527 2287 eclipu'ei
538 2204 641 2266 circuli
652 2227 734 2267 axem
746 2205 947 2275 inclinatione.
959 2216 989 2268 et
999 2205 1191 2273 circulorum,
1203 2225 1277 2288 quos
1289 2224 1333 2264 es-

322 2318 364 2366 tro
380 2309 506 2370 errantia
519 2306 701 2377 describunt,
716 2330 784 2370 cum
799 2308 931 2391 ecliptico
947 2307 1044 2377 nodis,
1059 2307 1091 2368 id
1106 2307 1268 2369 notandum
1288 2326 1333 2367 ve·

323 2410 380 2478 nit,
399 2410 480 2493 quod
502 2409 703 2494 pachymeres,
724 2413 755 2472 in
774 2433 834 2495 quo
855 2411 949 2493 gradu
971 2411 1009 2472 sit
1028 2411 1162 2493 quinque
1183 2409 1333 2472 stellarum

323 2513 481 2574 errantium
497 2513 604 2598 cuique
617 2514 699 2576 locus
713 2516 789 2576 inter
803 2515 1008 2576 ascendentem
1024 2512 1137 2575 nodum
1156 2512 1333 2576 descenden-

323 2628 441 2700 temque
456 2617 571 2678 medius
585 2618 628 2697 (id
643 2631 686 2680 est
698 2618 771 2678 limes
785 2617 912 2686 borealis,
926 2617 962 2677 ed
977 2637 1067 2699 quem
1079 2615 1161 2681 stella
1173 2617 1332 2699 pervenit),

323 2719 468 2788 indicans,
488 2717 585 2780 dicere
603 2721 795 2803 pretermittit
809 2720 889 2780 unde
903 2719 1013 2802 gradus
1029 2739 1185 2780 numerare
1200 2719 1334 2799 incipiat;

324 2819 374 2882 sed
396 2842 430 2882 ax
449 2842 559 2906 apogeo
580 2824 722 2906 cujusque
737 2821 824 2886 stelle
843 2843 892 2884 eos
914 2822 1063 2882 numerari
1082 2821 1224 2904 oportuit.
1244 2831 1273 2882 et
1292 2820 1334 2880 sic

323 2926 447 2988 inveniri
461 2928 612 2988 excentrici
629 2926 729 2987 circuli
746 2925 837 2986 limitis
853 2925 966 2986 borealis
980 2923 1063 3006 quod
1072 2924 1179 2984 dicitur
1193 2923 1334 2983 anomaliae

323 3039 518 3112 argumentum.
532 3027 602 3098 Sed,
616 3028 691 3090 eheu
703 3028 710 3086 l
726 3027 911 3112 Pachymeria
924 3027 1039 3090 numeri
1056 3037 1125 3086 sunt
1138 3023 1176 3086 de
1190 3023 1334 3086 Mercurio

325 3150 385 3212 ²7⁰
400 3129 552 3213 gradibus.
568 3131 605 3192 de
619 3142 780 3193 ceterarum
801 3149 979 3214 unaquaque
993 3149 1034 3212 9⁰
1049 3127 1189 3211 gradibus
1209 3127 1334 3209 majores

323 3233 358 3294 iis
371 3253 446 3316 quos
461 3233 651 3294 Pmlemoeus³
667 3255 719 3318 pro
728 3234 817 3317 justis
833 3233 996 3294 habuerat:
1013 3241 1152 3296 statuerat
1167 3231 1247 3291 enim
1260 3228 1334 3288 limi·

324 3347 381 3396 tem
396 3336 543 3397 borealem
558 3357 620 3398 esse
635 3337 747 3406 Martis,
763 3335 884 3399 Veneris
898 3346 926 3394 et
943 3334 1078 3396 Mercurii
1094 3334 1124 3394 in
1144 3353 1272 3415 apogeo;
1287 3330 1334 3391 Jo-

322 3439 365 3498 vis
388 3457 428 3499 ao
450 3437 587 3518 gradibus
613 3450 695 3505 ante,
715 3438 833 3500 Saturni
860 3438 898 3498 50
923 3436 1061 3519 gradibus
1088 3447 1154 3518 post
1179 3453 1334 3517 apogeum.

357 3614 362 3639 ¹
381 3612 439 3662 Vide
454 3613 568 3680 praecipue
584 3613 718 3670 Ddamlne,
736 3613 793 3663 Hirr.
812 3614 837 3662 ds
856 3612 923 3662 tare.
941 3631 989 3662 ene.
1005 3622 1023 3661 t.
1041 3614 1073 3668 ll.
1093 3631 1117 3679 p.
1132 3615 1192 3666 eae,
1208 3619 1231 3660 et
1245 3607 1335 3674 sailly,

325 3695 383 3746 llist.
394 3697 421 3746 do
433 3696 501 3746 l'ustr.
513 3697 570 3746 mod.
583 3707 600 3746 t.
612 3698 633 3753 l,
646 3715 671 3764 p.
686 3715 741 3762 ²²7·

357 3782 366 3808 ¹
383 3779 441 3829 Vide
450 3780 551 3829 Theonis
559 3780 646 3829 Astron
658 3799 676 3830 c.
689 3799 759 3831 unu.

357 3866 365 3891 ³
384 3863 688 3930 Gomp.matlv.lllll.v1.t.
703 3866 737 3920 ll,
750 3882 773 3931 p.
788 3869 892 3918 tit-tit
906 3865 1003 3914 llalroe.
