2992 4822
494 436 551 496 DE
573 433 868 498 ostnottotttt.
1145 437 1184 500 ³7

178 573 298 651 portes,
314 560 528 649 imprudentis
543 559 666 628 librarii
682 560 778 648 culpa
793 559 901 626 abesse
913 559 1029 646 liquet,
1043 560 1101 648 qui
1113 581 1188 626 non·

180 697 348 762 nunquam
364 684 494 762 propter
509 679 735 760 ὑμοικέλιυτον
748 671 878 746 mavit,
895 671 930 738 id
942 683 989 738 est
1005 671 1062 738 uhi
1082 673 1116 738 in
1128 673 1189 761 pri·

179 788 280 854 mario
292 786 427 860 auctoris
441 785 550 854 codice
566 784 679 852 eadem
691 786 788 851 verba
802 807 867 852 non
880 784 1003 873 magnis
1015 784 1188 850 intervallis

178 901 296 966 iterum
311 899 449 966 inveniri
464 899 645 987 oportebat,
663 920 681 963 a
698 897 797 986 priori
813 897 882 963 loco
898 897 940 964 ad
957 897 1108 971 alterum,
1123 919 1189 964 me·

178 1011 239 1077 diis
255 1012 394 1086 omissis,
412 1011 591 1076 transilivit.
610 1009 674 1075 sed
691 1009 759 1074 haec
774 1020 904 1096 peccata
920 1019 975 1074 aut
990 1009 1114 1083 omnia,
1132 1021 1190 1076 ant

178 1125 347 1211 pleraque,
365 1123 488 1209 jamin
506 1119 614 1189 codice
631 1120 841 1186 Ambrosiano
854 1119 968 1192 ¹fuisse,
986 1121 1189 1208 supradictis

178 1236 219 1302 de
235 1236 353 1308 causis,
370 1235 540 1300 credimus.

226 1349 263 1412 ln
287 1346 456 1412 parisiensi
480 1345 602 1420 codice,
624 1359 759 1410 occentus
777 1349 956 1434 spiritusque
977 1367 1058 1433 quos
1077 1357 1190 1412 vocant

180 1471 264 1526 recte
275 1460 469 1548 plerumque
482 1458 575 1546 positi
587 1469 662 1524 sunt
676 1483 684 1522 ε
697 1459 816 1525 menda
827 1458 925 1546 hujus
936 1458 1060 1545 generis
1071 1481 1188 1546 pauca,

179 1572 214 1638 in
232 1571 350 1659 quibus
367 1571 449 1636 nihil
468 1571 596 1636 suhcsse
610 1579 713 1658 potest
725 1569 817 1636 dubii
834 1581 893 1636 aut
907 1570 1081 1642 momenti.
1096 1569 1189 1637 tacite

174 1684 389 1764 *comesimnm
403 1684 443 1749 de
455 1683 576 1750 caeteris
587 1683 784 1756 monuimus.
798 1681 1001 1770 adjectivum
1013 1689 1144 1762 ἀπλανὴς
1154 1683 1189 1748 in

178 1795 287 1862 codice
305 1817 433 1884 semper
452 1795 549 1860 scribi
563 1801 716 1874 ἁπλανήε,
735 1795 834 1860 semel
855 1794 970 1862 dixisse
991 1795 1064 1860 satis
1082 1794 1187 1862 fuerit.

178 1901 297 1976 Puncta
312 1920 343 1975 et
360 1909 506 1996 virputus,
529 1908 564 1972 in
580 1907 688 1974 codice
705 1929 851 1996 perverse
866 1906 999 1972 omnino
1020 1917 1052 1972 et
1072 1918 1190 1975 temere

178 2045 303 2110 sparsa,
322 2045 341 2086 a
361 2021 426 2086 suis
442 2021 526 2088 locis·
535 2021 728 2108 plerumque
745 2020 904 2093 absentia,
926 2019 1047 2086 affatim
1069 2019 1191 2087 intrusa

180 2135 307 2207 alienis,
326 2133 408 2200 nihil
429 2134 610 2200 curavimus
634 2160 642 2199 ε
664 2145 786 2222 puncta
802 2155 876 2222 orgo
895 2143 929 2199 ct
942 2133 1081 2222 virgulas
1097 2134 1190 2200 tacita

181 2246 346 2332 posuimus
364 2247 420 2310 nbi
435 2246 584 2335 oportuit.
696 2227 697 2234 ἵ

227 2357 462 2446 Descriptiones
482 2357 693 2446 geometricen,
719 2358 760 2424 ad
786 2381 866 2447 quas
892 2369 1042 2446 provocat
1070 2369 1188 2431 auctor,

180 2469 313 2535 omnino
334 2469 466 2543 dosunt,
485 2489 545 2536 nec
560 2489 701 2536 vacuum
713 2469 778 2535 illis
794 2469 934 2558 spatium
946 2471 981 2534 in
995 2481 1084 2536 textu
1101 2469 1190 2536 reiic-

180 2593 251 2646 tum
276 2592 331 2648 est.
351 2581 468 2648 Graecae
488 2582 617 2656 iitterae,
635 2583 753 2672 quibus
770 2584 898 2648 numeri
919 2595 974 2649 aut
994 2584 1190 2671 geometrice

179 2695 272 2760 lineae
288 2694 481 2766 indicantur,
499 2693 764 2782 frequentissimis
780 2695 938 2761 erroribus
955 2695 1110 2763 laborant
1127 2694 1190 2762 Ad·

180 2807 254 2873 ditae
275 2829 294 2872 a
313 2807 407 2872 nobis
425 2806 557 2872 Tabulae
585 2807 811 2895 descriptiones
836 2808 1055 2895 geometricas
1079 2808 1190 2896 quales

179 2920 322 2986 voluerat
338 2931 457 2991 auctor,
474 2919 687 2986 ostendunt.

228 3031 469 3122 Compendiosa
478 3031 648 3120 scriptura
654 3033 743 3120 signa
755 3055 857 3121 usque
868 3033 1050 3100 adtertiam
1061 3033 1127 3100 sere
1141 3055 1190 3100 oo

181 3143 261 3208 dicis
276 3155 400 3231 partem
415 3159 518 3232 pauca
533 3156 621 3219 sunt,
639 3145 674 3210 in
689 3146 895 3234 sequentibus
908 3146 1012 3213 multo
1024 3147 1128 3235 plura.
1141 3145 1191 3212 De

181 3254 221 3318 iis
238 3257 470 3344 compendiosis
486 3257 650 3345 scripturae
667 3259 780 3346 signis,
798 3281 871 3346 quae
888 3258 923 3323 in
940 3259 1091 3324 omnibns
1108 3258 1190 3345 ejus
1304 3287 1305 3292 ¹

182 3365 258 3432 dem
281 3370 377 3434 aetatis
399 3369 562 3436 codicibus
584 3370 806 3445 inueniuntur,
830 3393 894 3436 non
916 3381 963 3436 est
986 3393 1044 3436 cur
1064 3391 1192 3442 monea-

182 3479 343 3545 mus¹.De
354 3481 395 3546 iis
403 3495 475 3569 qnae
484 3483 605 3548 rariora
616 3493 748 3556 sunt‚et
759 3483 800 3548 de
809 3483 939 3549 vocibus
951 3505 1090 3569 quarum
1100 3481 1193 3550 lectio

181 3590 283 3658 dubia
292 3590 393 3656 videri
404 3605 522 3680 potest,
536 3595 570 3659 iu
584 3595 665 3661 notis
676 3595 749 3662 imae
762 3617 886 3683 papnae
897 3596 1014 3683 cuique
1025 3594 1193 3682 adscriptis

222 3739 317 3793 ¹Vide
334 3739 460 3796 Bernurdi
477 3741 510 3796 de
527 3741 697 3798 Montsauccn
714 3742 921 3818 Pchopruphium
940 3762 1057 3818 paucum,
1075 3752 1101 3796 et
1113 3741 1192 3799 nocti

181 3831 408 3888 commansionem
419 3833 646 3910 puiuoprupdicura.
