3016 4826
377 431 643 496 FRAGMENTA
667 429 988 496 nsuuououlct.
1125 433 1187 496 395

179 553 296 618 Scfficet
313 555 504 639 Panhymeres
517 553 666 618 stellarum
681 554 814 639 quinque
831 573 904 622 non.
925 565 958 614 nt
976 551 1080 620 voluit.
1098 553 1189 616 linitis

180 656 307 729 damulis,
319 659 384 728 sed,
394 657 472 742 quod
483 657 521 720 ad
531 659 709 722 Mercurium
717 667 838 742 spectat.
849 655 912 720 nodi
921 655 1098 726 medentis,
1108 657 1188 741 quod

179 761 216 822 nd
236 771 360 831 ceteros,
378 761 440 824 nodi
454 759 632 824 dumndentis
646 761 789 824 mornatio
801 755 989 846 momentum
1008 760 1102 828 dedit.
1124 761 1188 822 Pto·

178 863 286 933 lemni,
300 875 335 925 ut
345 865 468 934 videtur,
479 863 559 926 lnco¹
572 863 726 946 deceptus,
740 863 793 926 ubi
805 864 1000 926 maximamm
1013 863 1149 924 Mercurii
1161 875 1190 924 et

179 968 300 1030 Veneris
312 967 432 1052 epicyeli
444 970 649 1030 inclinationum
663 967 725 1030 loca
738 978 905 1036 sumuntur.
918 987 984 1050 que
998 964 1055 1028 illis
1069 965 1189 1050 quidam

180 1081 250 1130 sunt
269 1071 300 1130 in
318 1071 548 1134 excentricorum
565 1071 666 1137 nodis.
686 1068 737 1130 sed
762 1069 859 1137 Marti.
882 1068 945 1130 lovi
966 1079 996 1130 el
1016 1067 1142 1132 Saturno
1160 1069 1189 1128 in

179 1171 321 1234 limitibus
340 1172 506 1236 borealibus
516 1170 536 1232 ¹.
558 1173 699 1234 Praeterea
717 1171 771 1232 hos
791 1191 893 1234 omnes
913 1189 1053 1232 numeros
1067 1190 1084 1228 n
1100 1167 1191 1230 Ptole·

182 1276 247 1336 miei
264 1286 396 1360 tempore
411 1276 448 1336 nd
462 1297 550 1336 suum
565 1271 702 1336 nonnihil
715 1273 826 1334 mutari
844 1273 982 1338 debuisse
1000 1271 1191 1355 pachymeres

181 1379 332 1460 ignoravit.
350 1380 498 1463 Denique.
515 1389 656 1460 tanquam
675 1377 809 1464 ejusdam
829 1377 960 1462 genmia.
975 1397 1135 1438 numerum
1154 1376 1191 1438 ad

180 1480 296 1542 Lunam
310 1494 490 1565 spectantem
506 1481 525 1543 5
537 1479 674 1566 producut
685 1483 810 1565 utrinqne
823 1478 915 1544 affert.
930 1480 989 1544 Sed
1002 1481 1094 1544 Luna
1107 1481 1190 1542 limes

179 1581 318 1654 borealis,
333 1585 466 1648 celeriter
481 1583 615 1653 mobilis.
631 1583 747 1646 nullum
763 1584 851 1647 habet
869 1585 900 1646 in
919 1584 1035 1646 mdinco
1054 1583 1189 1646 stabilem

176 1682 289 1753 locum.
310 1687 384 1748 ethi
400 1689 532 1772 quinque
546 1685 656 1770 gradus
675 1707 709 1750 ex
729 1699 855 1772 utraque
874 1687 1000 1772 ecliptici
1020 1698 1102 1770 parte
1121 1697 1190 1748 sunt

177 1787 296 1848 maximi
314 1788 406 1852 Lente
419 1787 582 1852 latitudinis
597 1809 694 1858 orcus.
709 1789 811 1874 quales
825 1789 999 1852 Ptolomeus
1018 1787 1188 1850 crediderat.

219 1890 254 1950 ln
265 1890 313 1952 his
325 1913 396 1976 ergo
409 1891 549 1954 omuibus
563 1912 659 1976 neque
673 1903 807 1954 auctores
821 1913 950 1977 quorum
965 1893 1072 1974 scripte
1085 1891 1190 1974 espila-

177 1994 233 2060 vit.
248 2013 344 2078 neque
354 2016 417 2057 sese
426 1996 489 2078 ipse
496 1993 637 2056 intellexit
651 1993 854 2078 Pachymarea.
873 1995 953 2064 Mon,
969 2013 1030 2056 non
1045 1995 1114 2054 satis
1127 1995 1190 2078 qui·

177 2094 247 2156 dem
260 2096 358 2158 lucido
373 2097 503 2166 Adrasti.
522 2096 568 2158 vel
584 2095 713 2158 Theonis
729 2096 886 2181 smyrnei.
901 2093 993 2164 looo'.
1014 2108 1046 2158 ut
1066 2095 1189 2162 videtur.

177 2218 194 2256 a
215 2197 341 2259 semele
360 2197 507 2261 intellecto
528 2197 682 2282 deceptus,
702 2201 864 2260 errantium
883 2197 1035 2262 stellarum
1054 2199 1190 2260 elationes

58 2339 61 2346 .
173 2300 208 2360 in
224 2300 295 2383 ipsis
309 2300 506 2384 epinyclorum
521 2299 670 2362 dimetria
688 2301 865 2362 concentrici
879 2301 961 2362 radin
976 2301 1013 2362 ad
1033 2297 1189 2384 perpendi·

163 2402 280 2464 ¹culum
291 2405 353 2466 sitis
365 2403 431 2467 fieri
441 2403 578 2474 credidit,
595 2415 735 2488 tanquam
750 2403 850 2466 nullus
863 2405 973 2478 interea
987 2403 1060 2468 toret
1071 2403 1190 2488 apieyoli

177 2506 270 2589 ipsius
284 2507 316 2568 in
330 2507 507 2570 concentuici
521 2507 636 2570 ambitu
650 2519 748 2568 motus
759 2505 778 2567 ⁸.
795 2507 868 2569 satis
884 2528 1030 2593 superque
1049 2507 1109 2570 hnic
1129 2527 1190 2570 om·

178 2609 227 2669 nia
238 2609 364 2693 probant
376 2621 577 2674 astronomum
590 2630 655 2672 vere
667 2610 725 2672 dici
737 2630 798 2670 non
809 2629 894 2692 posse
905 2609 1127 2693 Pachymerem.
1137 2609 1189 2672 sed

178 2709 216 2772 de
229 2713 420 2775 astronomica
435 2713 555 2774 scientia
569 2713 740 2796 scriptorem
754 2733 859 2796 purum
874 2713 945 2776 acite
964 2713 1066 2776 alienis
1084 2711 1189 2796 opibus

178 2835 275 2876 usum.
298 2815 332 2874 ln
354 2815 458 2880 eodem
485 2816 646 2898 fragmento
671 2816 779 2878 nodinci
800 2814 1002 2899 obliquitatem
1024 2814 1187 2876 secundum

177 2915 366 2978 Ptolemoeum
380 2918 468 2980 finisse
480 2916 552 2980 dicit
563 2918 623 2987 ηδ’,
639 2917 700 2981 52'.
717 2919 821 2980 Verius
837 2917 924 2980 atibi⁵
939 2917 1011 2978 dixit
1025 2918 1187 2980 secundum

176 3018 381 3082 Ptolemaum⁰
398 3021 473 3082 hane
488 3020 690 3107 obliquitatem
706 3023 794 3084 fuisse
811 3022 870 3090 2³⁰,
889 3023 923 3082 51
934 3017 950 3090 ¹.
968 3017 1032 3082 no''.

218 3122 269 3182 85.
292 3123 324 3182 ln
341 3142 456 3196 Qnsnro
471 3141 657 3193 renonum.
674 3124 711 3186 de
726 3135 872 3188 astrorum
885 3124 1046 3186 errantium
1060 3125 1189 3186 inerran-

213 3268 218 3295 ¹
239 3268 313 3337 Ccmp
325 3271 393 3320 nott.
406 3271 474 3326 tltss.
490 3289 515 3327 ι,
528 3281 546 3321 t.
559 3273 593 3329 ll,
604 3291 628 3339 p.
639 3273 685 3336 ³7⁰
698 3272 794 3322 Hdme.

208 3352 218 3379 ¹
233 3352 292 3403 Vide
301 3353 418 3404 Ptolemai
430 3355 504 3421 Gomp.
519 3355 586 3406 moth.
597 3358 662 3411 xm.
675 3374 710 3412 iv,
726 3366 744 3404 t.
759 3359 792 3412 ll.
806 3375 829 3422 p.
842 3358 887 3406 ten
903 3356 999 3406 Helm.
1014 3356 1051 3405 Cl.
1068 3357 1138 3412 xttt.
1156 3376 1186 3413 u,

177 3453 201 3501 p.
214 3437 331 3501 ipa-373·
803 3455 805 3460 ’

151 3565 155 3580 Χ
211 3521 220 3549 ⁸
235 3521 323 3569 Astron.
335 3537 356 3569 o.
371 3538 436 3570 uir.

209 3604 218 3630 ¹
234 3603 293 3652 Vide
302 3603 364 3652 Dias.
376 3615 459 3654 nostroe
469 3617 528 3673 port.
540 3610 574 3664 lt,
587 3627 607 3657 c.
621 3627 653 3664 iv.
668 3610 731 3658 521.

209 3687 217 3714 ⁸
237 3685 347 3736 Bibiicth.
357 3705 405 3756 reg.
416 3690 485 3740 Paria.
495 3691 548 3742 coel.
563 3694 638 3750 23³8,
653 3693 694 3742 tol.
713 3712 755 3756 ²7¹
771 3693 793 3742 b.

208 3771 217 3798 ⁸
235 3770 310 3838 Gomp
327 3771 394 3820 inotlt.
413 3774 436 3830 1,
453 3792 477 3830 x.
494 3784 511 3824 t.
534 3778 555 3831 l,
574 3793 598 3842 p·
616 3781 660 3840 dut
682 3780 704 3832 1,
722 3795 766 3833 ru.
784 3787 802 3827 t.
821 3779 843 3835 1,
860 3798 884 3846 p.
901 3782 931 3842 57
945 3777 1043 3844 Heluian
1060 3777 1182 3844 Hypatius.

176 3872 201 3920 p·
218 3856 246 3906 ts
263 3854 361 3903 Halmio.
