2958 4824
470 419 529 482 ΒΕ
551 417 856 480 ΛΒΤΒΟΝΟΜῙΑ.
1111 419 1170 480 tes

160 607 163 616 ,
241 554 306 626 post
319 543 400 622 hunc
413 541 603 625 Phosphorus
617 553 662 604 est
676 539 871 603 nitidissimus
885 538 1051 623 Cytheram

213 647 227 686 ⁵
242 656 363 728 quartus
378 647 440 730 ipse
455 667 543 728 supra
558 643 608 706 sot
623 644 714 704 fertur
729 645 826 728 equis;

241 750 362 830 quintus
377 760 475 809 autem
490 749 591 830 Pyrois
606 748 721 808 cruenti
734 746 862 807 Threicii
877 745 991 814 Martis3

243 863 339 911 sextus
355 863 453 911 autem
470 849 635 917 Phaethon,
649 848 730 909 Jovis
749 847 891 930 inclytum
911 847 1032 930 ponitur
1046 857 1172 918 astrum;

243 956 383 1037 septimus
399 967 497 1016 autem
510 953 638 1013 Phaenon
652 951 772 1013 Saturni
786 971 846 1011 non
859 949 963 1032 procul
975 949 1096 1010 existite
1107 949 1172 1012 stel-

228 1089 231 1098 ·
284 1054 320 1116 lis
338 1055 577 1138 [inescantibusJ.

242 1159 351 1218 Omnia
359 1157 446 1218 simul
456 1167 567 1239 septem
575 1167 659 1216 tonos
666 1153 800 1216 habentis
809 1154 962 1237 lyraesonis
971 1157 1174 1218 concinentem

202 1261 229 1301 ¹⁰
243 1260 429 1323 harmoniam
444 1259 586 1327 fundunt,
603 1257 727 1318 alterum
742 1258 779 1318 ab
794 1257 885 1319 altero
901 1257 1047 1320 distantia.

159 1515 295 1583 Etenim
321 1513 529 1610 pythagorea
555 1528 606 1584 est
626 1513 799 1593 docmina,
824 1511 1015 1582 secundum
1039 1510 1175 1582 harum-

158 1639 251 1706 niam
267 1635 417 1706 ordinari
436 1635 622 1714 mundum,
636 1632 878 1704 sesecundum
892 1632 1174 1704 harmonicorum

159 1771 193 1827 et
211 1759 468 1829 concinentium
487 1781 652 1828 sonorum
667 1759 906 1850 proportiones
922 1755 1077 1830 distantia
1093 1757 1177 1825 invi-

158 1903 234 1950 cem
252 1879 400 1950 coelestia
418 1903 564 1972 corpora
581 1881 713 1972 impetu
732 1892 766 1950 et
784 1879 956 1948 celeritate
973 1891 1087 1948 motus
1104 1875 1178 1946 har-

159 2087 349 2156 mutandum‚
366 2088 480 2148 etiamsi
493 2088 525 2146 in
541 2088 691 2150 codicibus
711 2089 793 2150 foret.
809 2089 967 2150 Grotianns
985 2089 1075 2150 codex
1088 2086 1178 2148 hebet

161 2187 282 2271 deipsis,
298 2189 485 2250 exscribentis
505 2211 617 2259 errore,
636 2212 727 2274 quem
742 2191 850 2254 Galeas
870 2204 899 2253 et
919 2191 1069 2252 Fabricius
1086 2192 1178 2252 secuti

162 2301 243 2358 sunt,
259 2291 400 2372 probante
415 2291 524 2353 Naelio.

205 2391 215 2420 ⁷
232 2391 286 2468 ¹Sic
300 2415 402 2456 omnes
414 2394 516 2461 edunt.
528 2396 563 2456 In
578 2396 735 2458 Parisiensi
749 2395 849 2458 codice
863 2395 971 2478 legitur
985 2393 1120 2456 σύνοδον.
1136 2395 1180 2456 De

161 2495 303 2558 Grotiano
317 2498 473 2594 nescimus.
490 2497 548 2560 Sed
564 2497 695 2582 συνῳδὸν
707 2510 785 2562 recte
800 2510 843 2560 est
855 2499 887 2561 in
900 2496 1054 2558 Heraclito
1070 2496 1180 2580 (Attsq.

162 2600 273 2670 tomen,
295 2621 323 2684 p.
343 2599 405 2668 426
422 2602 520 2683 Opusc.
537 2602 648 2686 mythol.
667 2601 713 2664 ed.
733 2600 826 2662 Galei.
842 2602 933 2662 Amet.
961 2599 1055 2671 1688.
1071 2601 1180 2682 ine).

16 2687 17 2724 l
69 2757 76 2767 .
160 2705 213 2788 qui
220 2703 300 2766 buno
310 2723 428 2766 versum
438 2716 467 2764 et
478 2716 663 2788 sequentem,
675 2717 708 2766 ut
718 2704 1181 2788 Alexandri.sedllphesii‚citat.

204 2804 215 2836 ⁸
236 2807 270 2867 ln
285 2807 386 2868 codice
405 2818 575 2891 utroqueet
589 2809 668 2890 apud
685 2807 811 2870 Galeam
831 2809 1059 2892 Fabriciomque
1073 2807 1182 2889 legitur

161 2911 348 2990 ciosxoicm
366 2909 446 2993 apud
462 2911 645 2978 Heraclitum
666 2915 857 2994 προσέχουσι
872 2937 879 2970 :
897 2911 976 2972 unde
1001 2909 1183 2972 Meineclrius

160 3011 320 3094 legendum
334 3025 413 3074 recte
426 3015 540 3075 censuit
553 3018 737 3096 προχέουσι,
754 3027 783 3076 et
794 3015 857 3097 ipse
867 3025 968 3076 *tamen
981 3013 1072 3076 edidit
1085 3033 1182 3097 προσ·

162 3119 275 3195 έχουσι.
298 3117 448 3188 Sohowius
472 3117 523 3197 (ad
541 3115 679 3178 Heracliti
700 3117 792 3200 Aliso.
813 3118 923 3198 hemer.)
948 3117 1034 3179 scribi
1056 3115 1185 3178 malebat

164 3222 343 3299 παρέχουσι.
358 3218 556 3285 Schneiderus
571 3220 664 3282 edidit
677 3221 841 3301 σΊείχουσι.

208 3319 218 3348 ⁹
240 3321 288 3383 Sic
312 3345 380 3386 eum
400 3323 547 3392 Heraclito
568 3323 760 3394 Meineclrius,
781 3347 835 3408 pre
848 3323 1004 3388 casatam
1023 3322 1114 3384 ἄλλος
1138 3321 1185 3382 ἐπ’

166 3421 274 3494 ἀλλην,
295 3426 376 3506 quod
392 3427 424 3486 in
445 3437 571 3509 utroque
585 3426 715 3489 Theonis
731 3427 831 3500 codice
849 3439 900 3489 est.
914 3427 1010 3488 ¹Voces
1030 3424 1076 3484 ἐπ’
1090 3422 1185 3495 ἀλλην

166 3526 373 3609 proculdubio
386 3529 535 3592 mutanda
549 3540 626 3590 sunt.
643 3530 688 3590 lte
702 3551 773 3592 voce
787 3529 935 3604 leonidam
950 3525 1087 3588 nonnihil
1102 3525 1186 3588 dubii

165 3643 312 3714 superest,
336 3653 373 3692 an
393 3634 501 3720 samari
518 3634 618 3716 possit.
635 3633 743 3696 Galeus
763 3643 793 3696 et
807 3632 1010 3696 -Schnsiderus
1028 3629 1186 3692 ediderunt

91 3715 101 3734 ⁶
163 3731 330 3802 armatas,
347 3733 427 3817 quod
441 3735 478 3795 is.
493 3736 613 3798 Vossius
628 3737 716 3800 etiam
730 3736 873 3804 malebat,
888 3735 1023 3804 Fabricio
1034 3743 1114 3794 teste.

199 3835 219 3866 ¹⁰
243 3835 277 3898 ln
292 3837 393 3900 codiee
408 3837 470 3898 κατ’
482 3845 628 3922 ἁρμονίαν.
700 3893 703 3900 .
