2964 4824
479 427 536 488 ot
558 427 854 490 ASTRONOMIA.
1111 429 1172 490 ³13

164 554 292 626 dentur
304 552 559 649 [autemietiam
567 554 792 623 sesainvieem
800 551 969 622 occultare
978 550 1172 646 aliquando,

166 689 308 770 propter
331 674 579 770 magnitudines
602 675 885 772 oblimritatesque
910 673 1117 744 uuordorum
1143 687 1177 743 at

166 797 365 892 positiones,
386 797 469 868 alius
486 821 582 868 nuno
600 821 716 890 supra,
736 821 828 866 nunc
851 793 938 864 inira
958 796 1064 866 alium
1087 793 1175 866 sacti.

167 918 236 1020 Sed
253 931 408 990 accurata
425 917 468 994 de
486 919 551 988 iuis
569 916 793 988 consideratio
813 920 849 986 in
876 915 1021 988 obsciuo
1044 931 1176 994 manet.

168 1043 247 1137 qma
271 1043 401 1110 circum
419 1040 538 1110 Soiem
559 1053 750 1116 rerumtur,
775 1053 809 1108 et
828 1041 909 1132 quia
933 1042 1079 1108 maxime
1102 1039 1179 1110 Stil·

169 1159 240 1232 bon
257 1185 402 1255 parvum
417 1160 664 1254 est'punctum‚
683 1183 887 1254 semperque
903 1163 1077 1254 proximus
1093 1159 1179 1238 Soli,

170 1283 378 1377 pierumque
387 1281 489 1352 radiis
500 1283 604 1376 ipsius
619 1281 833 1361 obscuratus,
852 1279 959 1352 videri
974 1283 1103 1378 nequit.
1120 1280 1180 1376 Py-

171 1408 240 1474 rois
251 1407 424 1498 superiora
432 1429 466 1474 se
477 1417 565 1474 astra
577 1406 722 1474 errantia
731 1405 846 1474 omnia
853 1404 995 1486 occulit3
1006 1402 1181 1476 Phaithon

171 1525 376 1608 Phaenonta3
391 1529 613 1598 erraticorum
625 1529 781 1606 omnium
795 1525 1068 1622 unumquodque
1082 1551 1120 1597 ea
1134 1530 1182 1596 in·

171 1650 374 1727 errantium,
390 1675 469 1744 quae
486 1651 521 1718 in
539 1671 600 1718 suo
619 1671 721 1719 eursu
737 1646 841 1738 habet
855 1647 965 1720 obvia:

472 1819 474 1822 ⁵
560 1858 659 1914 {eruar
675 1858 798 1914 armni]

437 1972 478 2018 oa
496 1971 637 2019 nurnero
657 1941 743 2018 sous
762 1970 810 2034 [[ιτ
829 1971 924 2035 sunan]

227 2131 340 2211 Luna,
367 2130 438 2202 Soli
465 2130 666 2204 seeundum
679 2129 871 2200 diametron
886 2133 1054 2224 opposita
1086 2145 1121 2200 et
1151 2133 1187 2200 in

175 2249 290 2326 Terrae
307 2249 460 2323 incidens
477 2251 654 2332 umbram,
674 2249 803 2330 deficiu
826 2250 861 2322 id
877 2275 958 2324 vero
978 2275 1049 2322 non
1066 2248 1105 2323 iit
1121 2254 1188 2322 sin·

176 2373 262 2468 gulis
277 2373 451 2444 mensibus
468 2404 475 2443 ε
492 2399 556 2444 nec
569 2370 763 2470 [omnibus]
773 2371 918 2445 coitibus
927 2387 961 2442 et
973 2373 1020 2444 sie
1031 2371 1129 2444 dictis
1139 2375 1189 2444 in·

177 2497 411 2566 tormensuuis
436 2494 495 2566 Sol
520 2492 651 2575 deficit,
676 2519 788 2590 neque
809 2494 1006 2587 pleniluniis
1029 2491 1190 2566 omuibus

214 2711 234 2742 ¹³
255 2713 290 2773 In
304 2713 403 2782 codice
418 2726 461 2776 est
475 2715 593 2797 signum
606 2715 710 2784 Luna,
726 2725 756 2803 et
767 2712 855 2796 paulo
871 2713 1005 2795 superius
1016 2735 1040 2772 r.
1054 2713 1127 2774 Vide
1138 2712 1190 2774 Te-

179 2815 282 2878 buium
294 2838 326 2886 a,
342 2825 373 2878 n⁰
391 2838 426 2880 12
442 2817 456 2878 i
473 2818 518 2878 tis.
537 2817 599 2878 Nisi
618 2839 703 2878 voees
720 2820 768 2876 nat
787 2815 915 2888 σελήνης
932 2815 1097 2885 deleantur,
1118 2837 1191 2900 quas

180 2921 334 3003 geminatis
348 2923 431 2981 uncis
446 2911 633 2987 inclusimus,
652 2919 753 2980 titulus
769 2919 817 2979 hic
837 2919 968 2988 duobus,
986 2941 1051 3002 quae
1066 2941 1190 3003 sequun-

181 3033 237 3092 tur,
254 3022 396 3106 capitibus
411 3024 442 3084 in
455 3045 550 3084 unum
564 3019 696 3084 conflatis
707 3022 867 3084 conveniat.
879 3021 915 3081 lu
924 3019 980 3082 hoc
992 3027 1089 3082 autem
1100 3023 1192 3105 capite

181 3126 219 3186 de
234 3126 324 3186 Lunae
338 3125 453 3186 defectu
468 3125 562 3188 obiter
575 3137 690 3186 tantum
705 3128 811 3208 agitur.
903 3193 905 3198 ¹
955 3172 957 3182 ,

215 3227 235 3258 “
258 3229 292 3290 In
306 3228 406 3290 codice
420 3229 559 3300 σελήνην.

217 3331 237 3360 ¹⁵
259 3332 383 3416 Signum
396 3333 482 3396 Solis.

217 3435 236 3466 ²⁶
259 3435 383 3519 Signum
395 3437 485 3496 Lunae
497 3449 526 3496 et
537 3437 625 3520 paulo
635 3439 769 3519 superius
780 3461 803 3500 s.
817 3438 890 3498 Vide
900 3437 971 3498 Tab.
984 3457 1015 3504 u,
1026 3443 1058 3496 η’
1073 3435 1133 3496 rad
1146 3435 1191 3496 tt.

219 3538 238 3566 ¹⁷
262 3539 295 3596 ln
311 3537 409 3596 codice
423 3544 577 3617 γενομένη.

220 3640 240 3668 ¹⁸
263 3641 296 3698 ln
311 3640 410 3700 codice
424 3640 505 3702 deest
519 3664 571 3702 vox
586 3647 710 3709 sudeam
728 3643 779 3704 sed
788 3644 887 3705 omitti
903 3663 962 3704 non
979 3651 1079 3724 potest.

221 3743 241 3772 ¹⁹
263 3745 296 3802 in
312 3743 410 3804 codice
425 3743 604 3824 λεγομένοις.

182 3911 185 3915 ,
221 3846 241 3874 ¹⁰
263 3845 387 3926 Signum
402 3845 487 3908 Solis.
