2992 4822
213 439 215 442 ’
327 433 368 494 llll
622 429 816 494 THEONIS
838 432 1043 494 SMYRNAEI

327 563 423 630 nous,
444 556 615 630 Maximus,
638 553 788 630 Albinus,
811 554 946 632 Atticus,
970 557 1163 632 Numenius,
1184 559 1334 633 Taurus¹,

324 679 358 734 et
374 667 442 744 alii,
458 667 578 755 quihus
595 668 761 735 addendus
776 669 948 758 Dionysius
964 669 1219 757 Halycernassius
1232 672 1336 738 ‘musi-

326 791 398 852 cus,
420 779 477 866 qui
501 779 541 845 de
562 778 683 844 musice
705 755 796 846 dictis
817 781 852 845 in
873 769 1012 846 Platonis
1032 781 1196 868 Republica
1216 782 1337 848 librum

325 892 493 980 scripserat
501 892 524 956 ².
552 887 675 958 Horum
704 903 812 958 autem
843 905 906 960 tres
936 904 1062 960 tantum
1093 905 1238 982 tempore
1262 907 1338 960 sunt

325 1004 458 1097 Theone
473 1005 638 1092 Smyrnaeo
654 1005 791 1092 priores,
810 1007 868 1094 qui
885 1027 998 1072 eorum
1014 1005 1163 1092 operibus
1183 1029 1259 1070 usus
1275 1018 1336 1080 est,

325 1116 526 1204 Thrasyllus,
538 1113 690 1183 Adrastus
702 1129 734 1182 et
744 1119 957 1208 Dercyllides,
974 1118 1014 1184 de
1028 1117 1145 1204 quibus
1158 1139 1232 1184 mox
1244 1118 1337 1206 plura

325 1229 480 1296 dicemus.
805 1257 808 1265 ·
963 1206 967 1218 ,
1096 1259 1099 1264 ·

356 1343 408 1408 -Id
424 1352 532 1416 autem
544 1343 721 1415 notandum
733 1354 792 1418 est,
808 1365 912 1430 quum
929 1343 1122 1431 platonicam
1134 1343 1218 1408 inter
1231 1341 1338 1410 aristo-

326 1453 516 1542 telicamque
526 1454 705 1524 doctrinam
711 1455 781 1542 jam
791 1466 863 1522 tum
873 1455 1075 1522 concordiam
1086 1455 1252 1520 instituere
1264 1476 1338 1520 non·

324 1561 411 1636 nulli.
429 1567 624 1634 eniterentur
645 1578 735 1632 sectae
761 1567 929 1655 utriusque
950 1567 1149 1658 philosophi,
1170 1567 1338 1640 Thoonem

325 1678 522 1766 platonicum
531 1679 579 1749 ‘de
595 1691 753 1746 astrorum
774 1679 913 1747 motibus
930 1701 1107 1767 eorumque
1123 1690 1273 1746 motuum
1288 1701 1337 1744 ra·

325 1791 411 1856 tione
428 1802 459 1856 et
479 1792 582 1856 causis
596 1792 696 1879 magis
713 1789 847 1880 Adrasti
853 1791 1067 1880 peripatetici,
1089 1777 1189 1879 quim
1210 1791 1339 1878 Dercyl-

326 1901 401 1968 lidis
416 1904 582 1992 platonici,
603 1904 741 1992 vestigiis
754 1905 916 1994 institisse.
934 1904 998 1971 Sed
1014 1905 1102 1993 prior
1122 1928 1192 1970 rem
1211 1903 1338 1992 plenius

326 2025 525 2090 uacuuerat,
539 2027 570 2082 et
582 2017 677 2082 ambo
689 2017 838 2088 uidentur
850 2017 916 2088 sere
929 2017 1100 2082 concordes
1114 2017 1225 2090 luisse,
1241 2015 1338 2082 etiam

321 2126 361 2190 'in
382 2125 421 2202 iis
433 2131 544 2216 ,quae'a
559 2128 698 2215 genuina
714 2129 853 2194 Platonis
868 2129 1020 2217 opinione
1036 2129 1236 2202 recederent,
1253 2127 1339 2194 vide·

326 2238 401 2304 licet
415 2240 457 2304 in·
467 2240 684 2328 epicyclorum
701 2265 761 2306 usu
775 2229 967 2307 et'motuum
979 2242 1154 2308 ooelestium
1167 2263 1224 2332 per
1239 2240 1339 2329 spha

327 2373 391 2424 ras,
410 2372 474 2416 non
491 2375 549 2440 per
565 2352 713 2427 circulos,
732 2352 906 2420 effectione.
1011 2395 1013 2402 ·

359 2463 410 2536 ,ln
426 2463 664 2552 interpretanda
685 2464 794 2531 Timui
808 2477 898 2553 parte
915 2466 1139 2540 astronomica,
1156 2452 1340 2532 notionibus

243 2626 248 2638 ,
325 2573 367 2640 tis
383 2574 567 2642 Chalcidius
580 2599 656 2645 usus
673 2588 732 2652 est,
751 2601 830 2665 quas
845 2601 883 2643 ex
898 2575 1030 2644 Adrasto
1043 2589 1199 2644 sumserat
1213 2577 1337 2646 Theon.

326 2688 407 2762 Sed,
430 2700 465 2754 ut
488 2671 672 2777 sagacitate,
693 2690 739 2755 sic
761 2689 825 2756 fide
848 2690 980 2756 inferior
995 2691 1142 2766 Theona,
1160 2701 1337 2764 auctorem,

327 2801 420 2888 cujus
432 2824 511 2889 opus
521 2825 539 2867 a
549 2827 582 2868 se
593 2803 644 2868 vlu
655 2803 854 2868 intellectum
865 2804 1070 2892 expilaverat,
1086 2804 1217 2870 omnino
1229 2802 1337 2868 tacuit.

328 2913 472 2989 Proclus‘,
486 2915 520 2979 in
532 2916 777 2983 Commentariis
789 2916 823 2980 in
842 2915 1003 2991 Timacum,
1018 2913 1150 2982 Adrasto
1163 2917 1204 2982 de
1217 2914 1340 3010 musica

328 3023 469 3100 tantum,
488 3027 619 3102 Theone
635 3027 800 3116 Smyrnaeo
817 3028 858 3095 de
873 3027 1011 3094 Platonis
1034 3029 1240 3117 propinquis,
1262 3029 1339 3092 Der-

327 3138 444 3226 cyllide
457 3139 498 3204 de
514 3163 579 3205 una
594 3141 710 3228 dialogi
727 3141 824 3206 unius
840 3164 988 3228 persona,
1007 3164 1083 3206 usus
1099 3139 1173 3205 est³.

368 3366 376 3396 ¹
397 3363 463 3419 Vide
474 3363 659 3428 Plutarchum,
674 3365 712 3417 De
724 3363 798 3420 onim.
812 3384 908 3439 procu,-
926 3363 1063 3428 Proclum,
1080 3363 1106 3417 ia
1121 3363 1197 3423 Tun:
1212 3365 1237 3418 J.
1250 3361 1339 3420 Philo·

328 3473 442 3531 ponum,
459 3457 497 3510 De
510 3457 649 3526 ,eternitate
672 3455 769 3522 muudi,
788 3469 838 3514 etc.
856 3459 897 3517 Gs.
910 3459 1023 3516 Fabricii
1037 3455 1151 3514 Bitttout.
1167 3477 1205 3532 pr.
1226 3467 1245 3510 t.
1264 3457 1338 3520 VlIl,

330 3569 355 3624 p.
370 3549 506 3615 tte-552,
520 3563 547 3604 et
559 3561 578 3606 t.
592 3553 631 3616 ΙΙ,
643 3571 670 3626 p.
686 3553 733 3615 23,
747 3563 796 3606 vet
811 3550 852 3606 ed.
980 3597 982 3600 .

368 3647 377 3676 ²
396 3643 461 3699 Vide
473 3644 596 3709 suidam,
612 3664 631 3700 e.
644 3665 666 3699 v.
681 3645 820 3700 Διονύσιος.
868 3682 871 3688 1
903 3681 906 3686 v

369 3739 378 3769 ³
399 3737 464 3792 Vide
482 3738 562 3810 hujus
586 3736 650 3792 Dies.
672 3747 741 3811 part.
766 3739 790 3801 Ι,
812 3736 909 3800 c.‚1,5
930 3738 957 3801 Ι,
973 3749 998 3791 et
1018 3748 1083 3812 part
1104 3739 1141 3800 ll,
1161 3757 1184 3790 c.
1204 3753 1250 3798 ιιι,
1275 3731 1339 3787 §lu

331 3839 359 3882 et
373 3831 413 3883 15.
497 3865 500 3872 ,
1015 3857 1018 3864 Δ
1046 3844 1049 3854 ’
1081 3831 1082 3834 ’
1316 3853 1318 3861 ’
