2958 4824
482 407 537 470 DE
559 405 860 468 sstttouotsss.
1109 409 1171 472 213

168 536 219 604 rio
231 546 329 602 motu
342 526 565 604 erraticorum
580 559 586 600 ε
603 535 629 604 si
644 535 755 612 enim,
773 530 896 604 eodem
908 557 978 628 quo
990 535 1172 604 inerrantia

169 653 291 735 modo,
317 658 378 726 ista
404 657 505 726 etiam
530 652 700 724 ferrentur
723 675 785 750 per
808 653 986 750 parallelos
1011 655 1171 735 cirotrlos‚

169 801 279 870 quum
286 774 348 846 sibi
358 799 493 871 semper
499 777 617 846 similis
628 773 716 846 foret
726 779 876 846 universi
890 790 924 846 et
931 777 1088 846 omnium
1100 801 1175 870 par·

170 899 257 968 tium
273 897 459 994 dispositio,
478 894 571 967 nulla
589 919 709 967 eorum
727 921 803 992 quae
818 895 875 965 hic
892 911 972 967 sunt
984 898 1127 967 mutatio
1143 911 1176 968 et

170 1017 363 1088 vicissitudo
376 1017 484 1088 fieret.
496 1017 596 1088 Nono
606 1041 689 1088 vero
700 1017 838 1086 solstitia
851 1030 884 1086 et
896 1020 1110 1111 equinoctia,
1125 1040 1175 1088 ao·

172 1151 325 1208 cessuset
331 1163 479 1211 recessus
486 1137 675 1208 secundum
684 1135 896 1206 altimdinem
904 1149 938 1207 et
945 1137 1174 1219 latitudinem,

110 1303 113 1310 ι
171 1261 319 1330 maxime
337 1259 477 1354 quidem
498 1257 586 1330 Solis
603 1271 637 1328 et
654 1257 774 1338 Lunae,
794 1253 913 1330 verum
932 1262 1033 1330 etiam
1049 1271 1177 1330 cetero·

172 1403 267 1458 rum,
283 1375 498 1474 tempestates
512 1380 617 1449 varias
631 1375 797 1459 efficiunt,
811 1393 847 1480 et
861 1403 1016 1460 omnem,
1034 1403 1110 1475 quae
1122 1378 1179 1450 hio

174 1495 226 1580 fit,
250 1515 435 1594 operantur
452 1501 676 1570 mutationem
694 1503 1015 1595 generationemque
1034 1513 1068 1571 et
1082 1501 1178 1572 vicis-

174 1618 369 1690 situdinem.
385 1619 603 1693 Variaautem
612 1621 831 1696 erraticorum
841 1635 955 1692 motus
964 1619 1178 1716 speciesinde

174 1743 291 1821 oritur,
311 1740 405 1835 quod
418 1733 608 1810 seeundum
625 1744 780 1835 proprios
796 1739 963 1836 quosdam
978 1741 1122 1812 anemos
1141 1765 1181 1811 ao
1266 1803 1273 1810 .

174 1863 209 1930 in
223 1864 368 1956 propriis
382 1861 519 1956 sphaeris
532 1861 662 1955 alligata
675 1861 808 1957 illisque
820 1875 930 1944 mota,
946 1861 1105 1933 videntur
1118 1885 1179 1932 no·

174 1982 230 2052 bis
242 2007 305 2076 per
318 1985 412 2078 signa
425 1985 570 2064 moveri,
586 1996 626 2052 ut
639 1985 769 2076 primus
783 1983 947 2054 intellexit
960 1981 1178 2079 Pythagoras,

176 2125 284 2196 quum
297 2103 460 2174 eumdem
468 2105 648 2197 semperin
658 2102 985 2185 modumordinato,
996 2103 1182 2198 simplioiet

177 2223 334 2316 aequabili
357 2247 476 2296 eorum
494 2227 604 2294 motui
622 2247 683 2318 per
700 2223 862 2296 nocidens·
876 2227 1089 2322 superveniat
1107 2225 1182 2320 qui·

179 2341 257 2412 dnm
275 2345 386 2414 varius
404 2359 438 2416 et
454 2343 663 2439 inaequabilis
680 2359 804 2416 motus.

465 2621 469 2628 ι
579 2553 680 2612 [saror
694 2554 783 2611 rrum

244 2683 315 2744 QUAE
336 2683 383 2732 Sl'l
401 2682 564 2736 onnsrtcts
581 2684 687 2733 asilus
703 2684 899 2737 SPHAERARUM
916 2683 1114 2736 postmodun

578 2767 786 2818 CIRCULORUM.

231 2924 287 3016 De¹
305 2926 472 3042 positione
494 2947 704 3042 sphaerarum
730 2963 789 3020 aut
815 2950 1020 3020 circulorum
1048 2975 1087 3022 ea
1109 2975 1185 3046 quse

182 3064 405 3157 phaenomena
422 3083 546 3149 servet,
566 3068 640 3140 haec
655 3071 713 3140 ille
731 3069 871 3142 disserit.

234 3184 390 3258 Naturale
404 3203 439 3258 et
455 3194 683 3262 necessarium
695 3205 758 3272 est,
774 3205 813 3260 ut
830 3193 1026 3271 mutantia,
1043 3194 1090 3261 sio
1107 3189 1187 3263 alio

226 3392 235 3420 ⁷
257 3393 292 3454 ln
305 3395 404 3456 codice
418 3404 437 3468 ἡ
450 3399 554 3472 adulo.

226 3493 235 3522 ⁸
257 3495 292 3554 ln
306 3496 404 3558 oodioe
419 3497 499 3560 deest
511 3505 539 3571 ἡ.

225 3595 234 3623 ⁹
257 3595 343 3657 Vocis
356 3601 487 3671 τοιαύτης
502 3603 534 3661 in
549 3602 648 3664 oodioe
663 3605 757 3688 prime
771 3615 885 3666 tantuin
901 3605 996 3666 littera
1010 3606 1115 3688 scripta
1129 3617 1187 3675 est,

182 3719 350 3784 vacuusque
363 3699 481 3762 relictus
490 3716 531 3764 est
542 3717 704 3769 ceterarum
718 3705 809 3770 loeus.
823 3708 896 3770 Vide
906 3707 1049 3770 Tabulam
1061 3727 1093 3774 a,
1109 3713 1141 3767 n⁰
1158 3706 1186 3768 6.

217 3798 237 3829 ¹⁰
258 3801 292 3860 ln
307 3800 407 3863 codice
422 3802 542 3883 ἀπλανῆ.
