2970 4822
462 417 519 481 DE
542 412 844 481 ASTRONOMlA.
1101 417 1159 480 129

147 545 264 632 cuique
284 555 406 616 motus,
428 543 565 610 alterum
584 543 796 614 inerrantem,
819 561 885 629 quo
906 542 1019 608 omnia
1043 543 1161 630 pariter

147 678 295 722 occasum
311 679 420 722 versus
436 655 615 743 rapiuntur,
634 655 831 744 peculiarem
850 653 986 720 alterum
1004 654 1160 722 orientem

147 791 269 843 versus,
284 779 315 834 et
327 768 373 832 sic
389 767 459 833 fieri
472 779 508 832 ut
519 789 603 855 pone
615 767 720 834 stellas
733 768 911 833 inerrantes
925 767 1066 854 relinqui
1079 779 1159 832 astra

148 882 286 948 errantia
300 880 477 947 videantur.
490 879 550 944 Hic
564 892 673 945 autem
686 879 884 967 Dercyllides
900 902 965 946 non
983 881 1162 946 nominatos

149 993 383 1080 Anaxagoram,
401 992 639 1065 Democritum,
661 991 869 1058 Cleanthem¹
889 1004 922 1058 et
941 993 1163 1080 peripateticos

148 1107 339 1176 nonnullos²
347 1105 453 1194 ‘priori
466 1105 610 1192 opinioni
624 1103 764 1170 faventes
777 1104 1011 1192 reprehendere
1023 1105 1163 1171 volebat:

149 1232 181 1285 et
199 1221 302 1307 justas
323 1218 458 1306 quidem
478 1217 577 1304 hujus
602 1217 859 1308 reprehensionis
880 1239 1006 1290 causas,
1025 1219 1077 1282 cui
1098 1241 1164 1285 non

149 1355 277 1419 semper
293 1331 387 1396 firme
403 1331 476 1396 satis
493 1331 606 1396 Theon
624 1330 808 1418 Smyrnaeus
824 1330 1051 1416 assensit,jam
1063 1339 1165 1396 osten·

151 1441 288 1510 dimus³.
311 1444 450 1528 Negabat
471 1465 546 1529 ergo
572 1441 669 1506 etiam
692 1441 890 1529 Dercyllides
911 1452 1017 1507 motus
1040 1443 1165 1508 erratici

152 1579 260 1622 causas
284 1577 351 1620 esse
370 1555 472 1644 spiras
493 1565 548 1620 aut
571 1555 714 1619 sinuosas
730 1553 846 1627 lineas,
864 1576 944 1642 quas
961 1575 1018 1620 suo
1040 1555 1165 1645 duplici

151 1679 241 1736 motu
258 1693 313 1756 per
327 1668 482 1734 occidensl
498 1677 627 1732 tantum
641 1677 726 1732 astra
747 1667 885 1733 errantia
901 1667 1087 1734 describunt
1105 1695 1111 1734 :
1130 1671 1164 1735 in

151 1807 216 1871 qua
230 1805 265 1848 re
281 1783 400 1848 iterum
420 1804 485 1847 non
503 1781 707 1847 nominatum
724 1781 914 1848 Cleanthem
930 1783 1167 1870 reprehendere

151 1895 287 1964 voluisse
302 1895 457 1961 videtur5.
480 1895 619 1982 Negabat
639 1905 791 1981 praeterea
813 1895 1006 1962 excentricos
1032 1895 1168 1962 circulos

153 2031 283 2074 causam
307 2031 373 2074 esse
394 2017 501 2074 motus
522 2008 557 2072 in
581 2006 803 2079 altitudinem
826 2007 882 2072 sed
904 2019 1010 2073 motus
1030 2009 1168 2074 coelestes

154 2121 332 2209 praeoipuos
349 2141 460 2186 omnes
476 2142 535 2207 per
552 2141 670 2206 panem
686 2119 901 2188 concentricos
917 2121 1053 2186 circulos
1069 2143 1170 2209 aequa·

155 2232 263 2298 biliter
283 2231 353 2296 fieri
378 2232 606 2304 contendebat,
631 2231 788 2298 advocatis
808 2242 934 2296 tantum
956 2233 990 2296 in
1012 2233 1169 2298 auxilium

157 2343 317 2432 epicyclis.
339 2341 513 2410 Aristotelis
535 2344 791 2432 Menaechmique
817 2356 848 2409 et
870 2343 1010 2434 Callippi
1031 2347 1170 2434 sphaeras

157 2455 277 2522 idcirco
298 2456 394 2521 etiam
418 2456 632 2544 vituperabat,
654 2456 742 2544 quod
759 2457 846 2544 justo
870 2457 978 2545 plures
998 2471 1029 2523 et
1045 2459 1171 2525 intrica-

158 2568 255 2634 tiores
271 2567 389 2643 forent,
403 2580 434 2634 et
447 2569 535 2656 quod
548 2580 629 2636 astra
645 2568 766 2634 ferrent
781 2580 936 2656 tanquam
949 2581 1055 2635 coacta
1067 2584 1098 2635 et
1110 2572 1172 2637 ina-

158 2663 294 2756 nimata,
313 2705 385 2770 quaa
401 2681 470 2769 ipse
486 2681 611 2748 volebat
628 2682 661 2746 in
680 2683 812 2770 sphaeris
830 2683 978 2772 quidem,
996 2684 1053 2749 sed
1073 2684 1172 2752 libere

158 2794 244 2860 ferri.
263 2793 397 2860 Gravior
417 2806 484 2859 erat
508 2793 894 2881 reprehensionis'causa,
914 2797 1002 2883 quod
1022 2797 1085 2861 illae
1106 2810 1172 2862 tam

159 2907 268 2972 multae
282 2907 416 2995 sphaerae
430 2907 651 2995 phaenomenis
669 2929 733 2971 non
750 2907 997 2974 satisfacerent.
1022 2910 1172 2976 Ceterum

159 3020 374 3108 Dercyllides,
390 3019 472 3088 sicut
489 3016 641 3083 Adrastus
658 3031 688 3084 et
708 3020 849 3093 Theon⁷,
871 3021 1010 3109 sphaeras
1033 3023 1173 3090 minores

200 3170 208 3199 ¹
229 3166 294 3221 Vide
306 3167 603 3242 pseudo-Plutarchum,
618 3167 655 3221 De
665 3167 729 3242 plac.
739 3168 826 3242 philos.
836 3171 873 3234 Il,
890 3173 930 3226 rh.
1028 3179 1030 3188 ’

199 3263 209 3294 ¹
230 3261 295 3315 Vide
304 3261 464 3316 Mattianum
475 3261 625 3336 Capellam,
639 3263 713 3326 vus,
728 3265 795 3328 853,
809 3285 836 3339 p.
851 3267 904 3320 666
920 3253 1034 3341 Koppit'

200 3355 389 3427 ³Videhujus
402 3356 466 3410 Dies.
479 3369 546 3430 part.
560 3355 836 3422 Il,c.111,85‚eto.
849 3357 960 3422 ruild
975 3373 1001 3416 et
1017 3363 1059 3418 18.

199 3447 296 3504 ‘Vide
309 3452 402 3504 Notum
415 3469 440 3504 r.
813 3453 840 3520 '¹
1017 3453 1024 3460 “

202 3546 211 3576 ⁶
230 3543 296 3598 Vide
308 3545 332 3597 J.
346 3543 439 3598 srohei
457 3543 510 3598 uu.
526 3545 597 3619 phys.
613 3547 636 3610 1,
659 3549 706 3610 26,
721 3566 747 3620 p.
764 3549 816 3606 534
831 3549 964 3604 Heerenii.
983 3550 1023 3605 Gs.
1042 3550 1177 3606 Plutarchi

162 3636 325 3700 Phocionem,
337 3656 360 3692 c.
376 3654 411 3700 11,
426 3647 474 3695 etc.
821 3643 823 3648 ’
952 3673 954 3678 -

200 3731 296 3788 ⁶Vide
309 3732 390 3804 hujus
402 3729 467 3784 Diss.
481 3741 546 3805 part.
559 3733 634 3796 Il,c.
649 3731 761 3797 111,Sfi.
843 3737 851 3760 '
897 3749 899 3756 ’

201 3829 210 3859 ⁷
230 3825 297 3882 Vide
310 3815 392 3898 hujus
406 3823 471 3879 Diss.
482 3809 548 3898 part.
562 3825 600 3889 Il,
614 3844 683 3891 c.1v‚
697 3823 764 3882 518.
827 3843 831 3846 ·
869 3836 873 3845 “
