2970 4822
468 433 525 494 DE
547 429 848 496 ASTRONOMIA.
1102 432 1157 492 ΙΙΙ

149 559 248 624 etium
260 557 433 624 Heruolidae
444 556 641 646 Adrastoque
650 569 681 622 et
692 556 817 623 Theoni
831 555 940 624 Solem
952 573 1019 622 esse
1027 555 1160 643 quidem
1228 563 1233 578 '

150 671 235 735 intre
251 670 400 736 Mercurii
417 681 448 736 et
463 669 594 738 Veneris
610 669 760 743 circulos,
778 669 896 757 quibus
913 669 1013 734 Terra
1031 689 1094 734 uon
1112 689 1160 734 oo

150 795 292 856 ronatur,
315 783 370 850 sed
390 805 454 848 nou
472 805 539 848 esse
559 782 594 847 iu
616 803 729 848 eorum
749 793 876 856 centro,
896 791 932 847 ut
947 781 1107 848 Vitruvio¹
1131 790 1163 846 et

150 894 306 961 Martiano
323 894 480 984 Capellae²
497 893 634 982 placuit,
652 917 689 960 ec
704 894 749 958 itu
770 893 840 958 fieri
863 904 900 958 ut
922 893 1011 959 stella
1027 903 1163 981 utreque

150 1029 216 1072 non
245 1018 389 1073 accurate
415 1007 529 1072 eodem
557 1029 684 1092 semper
705 1005 864 1091 graduum
891 1027 1026 1070 numero
1048 1029 1066 1070 a
1090 1005 1163 1072 Sole

151 1118 371 1185 adorientem
393 1117 459 1184 rive
483 1117 525 1183 ud
550 1117 748 1183 occidentem
771 1115 946 1183 absredafl.
967 1117 1162 1182 Mercurium

150 1242 315 1297 automno
332 1229 373 1296 ad
390 1251 556 1294 summum
573 1229 723 1316 gradibus
740 1251 756 1294 a
771 1229 845 1295 Sole
862 1229 1048 1303 abscedere,
1066 1231 1163 1298 Vene

150 1366 221 1409 rem
237 1343 389 1430 gradihus
404 1342 445 1408 ad
460 1363 626 1408 summum
645 1345 704 1416 50,
723 1339 894 1407 Adrastus*
911 1351 942 1406 et
958 1341 1164 1407 Cleomedes⁵

150 1456 277 1528 uolunt,
290 1455 347 1542 qui
358 1455 452 1520 ambo
468 1453 676 1520 Posidonium
685 1453 783 1520 secuti
795 1453 974 1526 videntum,
984 1464 1017 1519 et
1031 1464 1102 1542 post
1111 1475 1164 1520 eos

151 1566 364 1637 Chalcidius⁷.
382 1567 447 1634 Sed
464 1587 574 1632 revera
589 1565 766 1632 Mercurius
783 1587 887 1653 usque
904 1566 944 1632 ad
960 1586 1001 1650 29
1016 1566 1164 1654 gradosa

148 1677 222 1743 Sole
234 1678 407 1766 aliquando
418 1677 577 1754 ubsoeditr
591 1679 697 1744 Venus
714 1699 779 1744 non
795 1678 878 1744 ultra
892 1681 935 1762 d7
952 1678 1068 1766 gradus
1082 1703 1089 1743 r
1106 1677 1163 1765 qui

149 1791 293 1864 numeri,
311 1813 330 1856 a
346 1789 575 1856 recentioribus
587 1789 776 1856 astronomis
790 1790 931 1864 definiti,
945 1813 1010 1856 non
1022 1790 1164 1884 multum

147 1903 304 1969 differunt
325 1903 365 1968 ab
385 1902 464 1976 illis,
485 1925 585 1990 quos,
602 1902 787 1976 Posidonio,
810 1900 963 1974 Adrasto,
980 1901 1113 1968 Theoue
1131 1913 1165 1966 et

148 2015 322 2083 Cleomede
339 2014 536 2103 diligentior,
554 2015 763 2082 Ptolemaeus⁸
789 2014 923 2082 invenit.
944 2013 1044 2078 Paulo
1063 2014 1164 2100 magis

149 2109 250 2217 quum
265 2127 469 2201 Ptolemaeus,
486 2127 542 2194 sed
559 2127 669 2192 minus
681 2128 781 2215 quain
794 2128 914 2200 Noster,
933 2127 994 2192 heu
1008 2125 1050 2191 de
1064 2147 1099 2190 re
1115 2147 1162 2190 er·

26 2307 29 2314 ,
150 2251 298 2307 ruveraut
308 2240 472 2327 Sosigenes
484 2252 685 2306 astronomus
695 2252 727 2306 et
738 2239 879 2306 Timaeus
891 2237 1161 2306 mathematicus⁹.

47 2479 50 2492 A
151 2423 207 2478 506
224 2441 242 2477 o
258 2435 286 2478 et
304 2425 357 2480 508
375 2443 391 2478 u
408 2423 550 2488 Brundisii,
569 2436 596 2480 ot
618 2422 915 2499 pseudo-Plutarchum,
935 2426 972 2480 De
992 2423 1059 2500 piac.
1075 2423 1163 2500 philos.

151 2516 202 2579 ΙΙΙ,
220 2517 262 2572 13.
279 2509 281 2516 '

191 2613 197 2643 ¹
218 2611 268 2673 ΙΙΙ,
288 2632 297 2664 ι
317 2611 365 2684 (Ι),
380 2623 399 2666 t.
413 2613 439 2676 Ι,
452 2631 479 2686 p.
495 2614 548 2672 odd
561 2613 726 2668 Schneider-i.

188 2707 197 2738 ¹
218 2705 268 2767 IX,
283 2707 336 2764 esu
351 2716 377 2758 et
390 2707 454 2778 857,
468 2725 495 2780 p.
510 2710 563 2778 667
579 2716 605 2761 οι
617 2707 671 2764 668
685 2707 788 2784 Koppii.

188 2803 198 2831 ³
218 2797 284 2854 Vide
296 2799 324 2852 in
338 2797 478 2874 Appendice
490 2797 569 2855 altem
582 2811 668 2854 uotum
674 2800 701 2877 s.

189 2892 199 2924 ⁴
218 2893 249 2944 In
262 2893 377 2946 Theonis
390 2895 446 2946 Sm.
459 2893 557 2948 deuon.
572 2911 595 2949 o.
609 2911 659 2948 rm
669 2904 797 2948 etxxxnr.

189 2989 199 3018 ⁵
219 2985 258 3048 ΙΙ,
273 3005 298 3058 7,
312 3005 339 3061 p.
354 2989 406 3042 150
417 2985 500 3042 Bukii.
512 2987 646 3042 immerito
658 3005 719 3060 ergo
729 2987 873 3061 quidquem
883 2987 911 3040 in
923 2987 989 3042 datie
998 3005 1012 3042 ι
1022 2987 1163 3042 Cleomede

152 3079 270 3133 numerio
282 3081 440 3134 mutandum
453 3092 591 3136 censuerat
602 3080 746 3136 Bulsorooe.

190 3173 200 3203 Ι
220 3173 284 3227 Vide
297 3174 481 3238 Cleomedem,
494 3176 532 3240 ΙΙ,
548 3195 574 3246 7,
587 3194 613 3249 p.
631 3177 683 3230 150
695 3173 777 3228 Bekii.

190 3268 199 3295 ⁷
219 3265 247 3318 lu
267 3267 327 3322 Tim.
344 3269 460 3325 decennii
480 3269 603 3324 soi-331>
621 3267 784 3341 (Meumiip.
806 3285 873 3334 roo,
893 3285 942 3323 ror
962 3278 990 3321 et
1009 3267 1084 3341 rori.
1098 3267 1164 3323 Vide

152 3355 313 3432 Appendioem
325 3359 436 3416 alterum.

190 3455 200 3484 ⁸
221 3453 302 3526 Gomp.
321 3454 395 3510 moth.
417 3457 480 3520 XII,
499 3457 529 3520 8,
548 3467 568 3510 t.
587 3455 626 3519 ΙΙ,
644 3477 671 3530 p.
693 3457 747 3512 366
765 3455 874 3510 Hulmze.
892 3455 1002 3512 ‘sextum
1020 3455 1091 3520 virle,
1111 3473 1163 3510 non

151 3565 211 3601 vero
223 3547 382 3611 versionem,
393 3549 421 3602 in
431 3567 495 3623 qua,
509 3567 557 3624 pro
568 3549 796 3622 digressionibusu
806 3549 867 3603 Sole
879 3547 993 3604 orientem
1001 3562 1046 3604 out
1054 3546 1164 3604 occidan-

152 3655 199 3696 rom
213 3661 312 3704 versus,
326 3643 442 3697 invenies
455 3641 601 3719 &quonium
614 3642 648 3698 du
661 3642 748 3702 mutin,
763 3641 908 3719 diymsious
918 3640 953 3698 do
961 3643 1019 3698 noir.

190 3739 200 3769 ⁹
219 3735 286 3792 Vide
299 3735 430 3799 Plinium,
445 3738 483 3800 11,
501 3739 517 3791 6
531 3737 577 3812 (8)
591 3737 632 3792 Cf.
647 3739 685 3804 11,
703 3743 733 3797 id
749 3736 812 3810 (ιγ).
827 3738 878 3792 Hie
895 3736 1008 3792 Timone
1021 3735 1163 3790 methema-

151 3824 229 3895 ti'cur,
245 3847 296 3885 non
311 3840 415 3885 tantum
434 3830 468 3884 eb
486 3831 608 3887 historico
621 3831 821 3894 Tauromenita,
839 3849 930 3886 verum
948 3830 1026 3884 etiem
1045 3849 1063 3906 ³.
1073 3827 1163 3902 pythe-
