2992 4822
349 435 373 474 11
688 415 743 476 AD
765 415 1009 477 LECTOREM.

348 551 444 609 cutus
463 553 525 618 est,
547 539 640 609 addit
660 571 665 608 :
683 541 736 608 «ll
759 543 857 610 serait
883 539 900 608 i
922 539 1091 611 souhaiter
1116 540 1215 636 qu’on
1239 543 1349 611 visitdt

348 691 361 726 α
373 685 451 730 avec
470 663 543 732 soin
564 663 610 730 les
629 645 877 757 bibliotheques
896 664 954 756 qui
977 677 1124 756 peuvent
1142 663 1272 732 recdler
1293 687 1349 730 ces

347 795 473 851 «restes
497 784 655 876 pricieux
673 781 715 852 de
739 779 932 876 l'antiquiti.
952 782 988 852 Si
1011 784 1058 852 les
1080 786 1242 864 sciences‚
1264 783 1349 853 dans

348 933 361 968 α
372 902 459 971 t’ttat
469 905 514 973 ob
525 903 605 972 elles
618 916 695 973 sont
709 901 938 996 aujourd'hui‚
954 903 1047 971 n'ont
1061 907 1134 972 rien
1146 905 1196 999 dy
1211 929 1345 998 gagner‚
1377 911 1382 920 '

348 1023 528 1094 «lbistoire
547 1023 588 1093 de
606 1023 830 1094 l'astronomie
851 1050 870 1119 y
889 1027 1075 1094 trouverait
1094 1023 1174 1094 bien
1193 1023 1252 1094 des
1268 1049 1345 1094 ren-

348 1175 363 1211 «
373 1147 596 1239 seignements
612 1147 745 1216 utiles.»

397 1266 589 1337 Montucla1
619 1267 661 1336 de
683 1265 831 1338 Theonis
862 1268 972 1362 operis
999 1281 1093 1361 parte
1123 1269 1347 1338 astronomica

345 1385 418 1455 haec
437 1387 589 1482 loquitur
609 1417 616 1454 ι
638 1387 690 1455 «lt
714 1401 762 1455 est
783 1387 924 1457 [acheus
945 1413 1012 1482 que
1034 1391 1154 1482 jamais
1178 1412 1347 1481 personne
1457 1373 1458 1392 i

347 1507 451 1575 cn'ait
473 1508 575 1602 songd
601 1509 619 1575 d
643 1507 778 1600 publier
795 1522 882 1578 cette
904 1509 1026 1601 partie,
1052 1511 1110 1602 qui
1128 1507 1345 1578 vraisembia-

346 1625 525 1696 chiement
551 1650 638 1696 nous
658 1628 842 1698 instruirait
866 1626 910 1697 de
931 1627 1108 1722 beaucoup
1131 1627 1173 1697 de
1193 1627 1266 1698 saits
1288 1655 1346 1700 cu-

346 1750 476 1818 «rieux.
492 1747 682 1828 D’aiileurs,
704 1772 838 1820 comme
857 1747 977 1820 Theon
995 1747 1046 1819 sut
1060 1749 1278 1821 observateur
1296 1749 1347 1846 (id

347 1868 493 1939 «salsum
511 1895 596 1950 esse,
618 1883 675 1939 aut
692 1885 784 1940 certe
800 1870 897 1940 valde
913 1870 1072 1952 dubium,
1093 1871 1343 1968 ostendemus),

347 2021 361 2056 a
371 1995 537 2086 peutdtre
552 2017 572 2088 y
588 1995 829 2063 trouveraiton
846 1993 994 2084 diverses
1007 1994 1235 2064 observations
1248 1996 1347 2064 utiles

346 2117 389 2183 «a
407 2115 633 2186 l'astronomie
649 2114 853 2184 moderno.»
872 2113 964 2204 Quas
983 2116 1166 2186 Montuclae
1182 2141 1256 2209 spes
1275 2140 1344 2186 non

345 2233 461 2304 ambas
480 2227 638 2331 quidem,
662 2235 722 2304 sed
739 2239 888 2328 priorem
906 2251 996 2306 certe
1017 2261 1132 2306 veram
1154 2235 1254 2306 inisse
1274 2236 1346 2306 haec

345 2371 459 2428 nostra
476 2357 579 2427 editio
595 2356 841 2452 comprobabit.

395 2479 525 2549 Eadem
544 2479 587 2548 de
606 2505 643 2549 re
662 2479 735 2550 haec
752 2480 904 2575 loquitur
921 2478 1091 2549 ldelerus²
1108 2511 1115 2550 :
1133 2509 1146 2544 a
1158 2478 1248 2552 Nach
1269 2479 1346 2548 flut-

346 2599 520 2684 «iialdus³‚
538 2600 598 2670 bat
620 2601 706 2670 auch
728 2600 848 2700 Tbeon
867 2627 925 2670 aus
943 2601 1088 2698 Smyrna
1106 2605 1140 2669 in
1156 2602 1270 2672 seiner
1284 2601 1345 2671 As-

346 2726 541 2793 utronomie
559 2722 756 2793 AEhnlicbes
774 2723 835 2846 νζίθ
854 2723 1046 2817 Simpiicius
1063 2723 1150 2792 tiber
1165 2722 1219 2792 die
1233 2723 1344 2817 Sphae·

346 2843 565 2914 crentbeorie
588 2857 709 2938 gesagt.
737 2839 805 2912 Es
797 2845 851 2926 ist
877 2870 916 2913 zu
952 2843 1125 2914 bedauern
1154 2843 1229 2913 dass
1253 2843 1344 2914 diesc

345 2995 359 3031 a
370 2965 495 3035 Schrift
507 2964 597 3036 nocb
607 2966 701 3036 nicht
710 2927 888 3060 gedrdclrt,
902 2965 973 3038 und
986 2966 1045 3108 des
1058 2965 1230 3036 Eudemus
1240 2965 1344 3034 Werk

345 3087 525 3158 «verioren
541 3110 710 3182 gegangen
728 3088 781 3156 ist
793 3116 807 3151 n

394 3207 522 3279 Mirum
545 3231 624 3278 sane
644 3222 706 3288 est,
728 3207 882 3278 doctis
852 3211 930 3278 viris
952 3211 1035 3278 tanti
1058 3211 1155 3302 pretii
1173 3205 1343 3286 habitum,

342 3343 411 3398 tam
427 3353 549 3424 perum
565 3332 748 3400 innotuisse
762 3307 1050 3400 Mediolanensem
1063 3331 1160 3399 illum
1172 3328 1342 3408 codicem,

387 3523 392 3552 ¹
417 3521 539 3582 Histoire
554 3520 598 3582 des
613 3522 845 3602 matbdmatiqucs,
864 3529 891 3580 a·
902 3520 1026 3588 edition,
1043 3533 1061 3579 t.
1079 3521 1105 3590 Ι,
1121 3543 1148 3603 p.
1164 3523 1232 3606 293.

384 3625 394 3654 ²
421 3623 508 3684 Ueber
521 3623 669 3694 Eudoxus,
685 3625 722 3684 2‘·
737 3625 896 3707 Verianum,
912 3625 942 3682 in
952 3623 1174 3685 Commentariis
1184 3623 1345 3685 Academia

343 3729 528 3788 scientiarum
544 3726 754 3795 Berolinensis,
771 3748 805 3786 ex
820 3746 896 3786 anno
916 3727 1008 3793 1830,
1024 3747 1051 3807 p.
1070 3728 1118 3806 73,

386 3831 395 3858 ³
419 3828 527 3889 Astron.
542 3829 648 3911 philol„
664 3829 752 3912 prol..
769 3851 795 3911 p.
815 3849 861 3890 πο.
