2970 4822
341 439 398 500 tlt
633 435 828 496 THEONlS
850 433 1054 496 SleRNAEl

336 573 407 627 tum
417 561 443 634 ¹,
459 557 609 625 Adrastus
625 571 656 624 et
667 559 780 629 Theon
794 559 940 647 ignorare
951 581 1015 624 uon
1032 569 1216 646 potueruut.
1230 561 1364 626 Mirum

335 685 382 739 est
398 695 471 760 ergo
487 673 668 744 Theouem,
686 685 718 736 et
735 669 905 737 Adrastum
922 673 956 736 iu
971 673 1009 736 iis
1022 693 1094 760 quae
1105 695 1145 737 ex
1161 672 1218 738 illo
1235 671 1363 738 Theou
1460 711 1461 736 r

335 797 500 851 mutuatus
512 797 573 858 est,
587 785 674 849 hunc
687 796 812 851 motum
825 783 923 850 semel
936 797 967 850 et
977 786 1080 850 obiter
1089 797 1216 850 tantum
1229 807 1363 852 memo

336 921 420 971 rare.
440 919 543 985 quum
557 899 735 986 praesertim
748 898 789 964 de
801 899 1025 964 commenticio
1036 897 1120 964 Solis
1132 910 1221 964 motu
1233 897 1270 962 iu
1284 899 1362 964 lati-

335 1011 480 1076 tudinem
490 1023 522 1076 et
532 1012 572 1076 de
584 1011 729 1098 ejusdem
743 1011 903 1080 nodorum
918 1023 1008 1076 motu
1021 1011 1203 1098 loquantur.
1218 1011 1299 1085 Sed,
1319 1025 1361 1076 ut

333 1121 416 1189 Solis
427 1123 704 1196 commenticium,
719 1123 764 1188 sic
776 1125 877 1188 Lunae
892 1145 1004 1188 verum
1018 1135 1050 1188 et
1061 1121 1193 1187 maximi
1207 1123 1241 1186 in
1253 1135 1358 1189 astro
1460 1105 1461 1110 ἵ

334 1236 441 1302 nomia
452 1236 609 1302 momenti
624 1235 786 1300 nodorum
800 1247 926 1300 motum
940 1234 1171 1323 hypothesibus
1187 1235 1253 1300 suis
1265 1255 1359 1300 eem-

333 1348 532 1435 prehendere
545 1347 753 1434 neglexerunt
766 1372 773 1410 :
787 1347 943 1435 priorem,
959 1359 994 1412 ut
1006 1347 1114 1412 nunus
1128 1359 1255 1420 notum,
1271 1348 1360 1413 affir-

333 1458 515 1534 maverunt;
527 1457 733 1546 posteriorem
742 1461 911 1532 ,omnihus
922 1471 1051 1532 uotum,
1065 1460 1091 1523 si
1104 1481 1169 1525 non
1181 1458 1358 1534 Adrastus,

333 1583 365 1636 at
378 1583 462 1636 certe
474 1571 588 1636 Theon
599 1572 784 1658 Smyrnaeus
793 1571 937 1638 indicare
947 1572 1127 1661 supersedit
1142 1572 1176 1636 iu
1190 1571 1251 1638 hoc
1260 1573 1357 1646 loeo,

333 1681 367 1747 in
381 1705 461 1769 quo,
474 1683 683 1770 simplicitatis
700 1704 808 1758 causa,
822 1685 925 1749 multa
937 1685 999 1750 alia
1014 1685 1074 1750 sihi
1093 1685 1218 1772 cognita
1229 1685 1356 1751 omisit.

333 1794 397 1860 Sed
412 1795 453 1860 de
465 1819 504 1862 eo
518 1796 619 1861 alibi²
632 1817 776 1884 expresse
792 1797 917 1863 locutus
930 1809 985 1862 est.
1000 1798 1185 1862 Errantium
1202 1798 1357 1888 quinque

333 1908 496 1974 stellarum
515 1910 673 1976 nodorum
693 1922 818 1992 motum
836 1931 912 1974 eum
934 1931 1042 1975 revera
1063 1910 1254 1997 ignoravisse
1269 1910 1356 1974 dixi-

333 2044 406 2086 mus
416 2022 439 2086 ³.
458 2023 513 2087 llis
534 2019 667 2090 monitis
683 2017 733 2088 de·¹
745 2021 784 2087 iis
800 2045 872 2110 quae
894 2021 928 2088 iu
946 2023 1007 2088 hoc
1023 2023 1160 2088 auctoris
1181 2022 1250 2087 loco
1268 2023 1353 2088 desi-

333 2135 494 2207 derantur,
513 2135 553 2200 ad
569 2158 606 2200 ea
622 2159 693 2223 quae
709 2131 831 2208 ibidem
848 2137 998 2223 leguntur
1015 2135 1211 2201 festinemus.

379 2248 438 2312 Hic
461 2247 578 2312 iterum
599 2249 710 2314 Theon
735 2249 936 2338 Smymaeus,
962 2271 1075 2314 eorum
1101 2271 1174 2335 quae
1197 2249 1238 2314 de
1262 2273 1351 2314 auno

334 2360 551 2427 anomalistioo
579 2362 721 2427 diueratl
745 2375 901 2449 tanquam
929 2359 1061 2433 oblitus,
1093 2361 1204 2426 solaris
1235 2365 1348 2448 apogei

303 2461 309 2472 ’
333 2483 458 2538 motum
483 2473 610 2538 nullum
627 2497 692 2538 esse
710 2475 815 2562 ponit,
831 2475 880 2539 vel
897 2473 1004 2561 potius
1020 2473 1233 2561 simplicitatis
1253 2495 1348 2538 causa

277 2625 279 2630 ·
335 2584 451 2672 negligi
461 2608 552 2673 posse
564 2586 680 2651 innuit.
693 2585 977 2664 Quemadmodum
984 2608 1059 2651 vero
1069 2587 1183 2658 Lunae,
1194 2585 1239 2649 sic
1249 2585 1347 2650 etiam

335 2697 480 2785 quinque
491 2699 667 2766 errantium
679 2699 843 2764 stellarum
859 2721 977 2786 apogea
993 2698 1138 2763 celeriter
1154 2686 1275 2762 moveri
1288 2709 1348 2762 sta·
1460 2675 1461 2736 l

334 2787 409 2883 tuit,
428 2833 533 2897 neque
550 2811 600 2882 id,
619 2809 676 2875 etsi
693 2809 825 2882 salsum,
845 2811 879 2874 in
892 2833 929 2876 eo
942 2832 1147 2897 summopere
1159 2808 1347 2874 mirandum
1443 2825 1447 2834 “

335 2932 390 2986 est.
404 2923 516 2988 Theon
527 2921 710 3010 Smyrnaeus
721 2923 808 2986 enim
819 2933 850 2986 et
860 2921 1027 2994 Adrastus,
1041 2922 1075 2986 in
1087 2921 1282 3008 explicandis
1291 2921 1348 2986 ho

335 3057 409 3098 rum
426 3033 571 3122 quinque
583 3056 754 3122 corporum
767 3035 923 3106 motibus,
942 3047 997 3100 aut
1014 3034 1155 3122 epicyclo
1171 3046 1201 3099 et
1214 3057 1348 3098 concen-

334 3145 427 3220 trieo‚
441 3158 496 3212 aut
508 3147 684 3212 excentrico
695 3144 878 3233 separatim,
891 3147 1048 3212 utendum
1057 3169 1123 3212 esse
1135 3161 1346 3220 censuerunt,

335 3256 573 3346 quanquam'id
590 3279 654 3324 nou
671 3258 815 3324 sufficere
831 3260 901 3346 jam
920 3260 1121 3348 Hipparchus
1137 3259 1345 3325 intellexerat.

334 3371 490 3436 Viderunt
507 3383 613 3435 tamen
630 3371 687 3435 has
704 3371 850 3459 quinque
867 3372 972 3438 stellas
989 3395 1052 3437 uon
1076 3393 1128 3437 eos
1150 3385 1258 3438 tenere
1277 3395 1347 3437 cur-

374 3560 382 3589 ¹
403 3556 468 3610 Vide
481 3555 611 3610 Ptolemaei
625 3557 707 3630 Comp.
723 3557 795 3610 math.
812 3559 858 3620 lv,
875 3577 903 3621 a,
915 3569 932 3610 t.
945 3561 968 3622 Ι,
980 3578 1005 3630 p.
1020 3560 1137 3611 215-218
1152 3557 1259 3610 Halma‘.

373 3652 383 3681 ¹
403 3650 497 3702 Astron.
512 3651 704 3712 c.xrrv11,lol.
719 3653 751 3705 25
766 3671 789 3703 a.
883 3707 885 3715 ,
1181 3673 1186 3680 “

373 3745 383 3775 ³
404 3742 470 3796 Vide
482 3741 562 3815 hujus
576 3741 640 3796 Diss.
652 3755 718 3817 part.
732 3745 770 3806 ll,
781 3763 803 3798 c.
815 3761 850 3808 tv,
862 3742 910 3798 88.

373 3836 383 3868 ⁴
403 3834 469 3890 Vide
481 3836 561 3909 hujus
576 3836 639 3889 Diss.
652 3850 717 3910 part.
733 3839 770 3900 ll,
782 3858 803 3890 c.
818 3835 877 3902 ml
891 3836 932 3890 lt.
