2958 4824
482 421 539 484 DE
552 419 860 485 'astronomo
1114 425 1175 487 205

166 543 356 616 secundum
365 545 616 642 pythagoricam
628 545 834 628 doctrinam,
848 547 986 618 illorum
999 561 1096 620 motu
1110 547 1179 618 edi

167 681 220 736 tos
239 689 339 738 sonos
359 667 544 738 concinnos
565 682 600 738 et
621 681 862 748 consonantes,
887 693 906 738 e
928 667 1053 764 quibus
1070 693 1182 740 unam·

168 784 257 856 effici
273 789 476 858 concinnam
493 811 628 860 vocem.

577 959 678 1018 [aanor
692 959 771 1018 rur]

150 1028 244 1113 'outo
261 1053 328 1102 SINT
344 1053 425 1103 Portu
444 1053 601 1110 naitono,
619 1055 661 1103 AD
679 1053 915 1103 aurncaonttm
932 1051 1050 1108 MOTUS.
1068 1051 1181 1102 STATIO

530 1138 570 1186 ET
587 1137 813 1190 RETROCESSUS.

220 1269 452 1343 Erraticorum
477 1286 660 1353 astrorum,
687 1275 800 1369 inquit
820 1272 995 1350 Adrastus,
1022 1270 1180 1368 quaedam

168 1407 248 1462 sunt
264 1418 400 1487 semper
416 1415 507 1488 pone
526 1394 658 1474 relicta,
673 1407 712 1464 ut
728 1394 788 1466 Sol
811 1408 845 1465 et
866 1395 977 1474 Luna,
997 1419 1074 1490 qnoe
1096 1419 1181 1464 nun-

165 1539 273 1610 quam
301 1517 336 1583 in
362 1513 594 1586 antecedentia
621 1519 713 1611 signa
740 1529 933 1597 monacum,
963 1514 1022 1586 sed
1046 1539 1181 1612 semper

168 1639 374 1706 transeuntia
388 1635 547 1708 videntur
566 1640 600 1706 in
615 1640 791 1734 sequenda
806 1639 900 1734 signa
916 1667 923 1707 :
944 1661 1049 1732 quare
1067 1661 1180 1734 neque

168 1760 343 1838 stationes,
361 1782 472 1853 neque
491 1772 697 1830 retrocessus
714 1757 852 1830 iaciunt.
872 1757 1041 1847 Quaedam
1065 1771 1180 1828 autem

169 1877 263 1948 etad
281 1878 513 1949 antecedentia
532 1893 715 1951 moventur
733 1893 767 1949 et
782 1877 826 1949 ad
841 1881 1032 1975 sequentia,
1054 1902 1181 1973 nempe

169 2013 279 2070 cetera
298 2003 439 2070 erratica
454 2002 570 2070 omnia
586 2031 593 2070 ε
610 2023 715 2095 quam
730 2003 917 2071 necessario
933 2014 967 2071 et
984 2003 1103 2072 stantia
1122 2001 1180 2070 ali·

169 2118 308 2215 quando
325 2119 486 2192 videntur
505 2136 539 2192 et
553 2120 843 2218 retrogrediendo.

574 2332 674 2388 [error
689 2333 775 2392 run]

471 2445 547 2504 ooro
564 2447 611 2494 slr
628 2445 708 2496 Portu
727 2447 881 2497 neuterio.

119 2605 122 2611 '
222 2605 281 2676 Est
296 2609 388 2676 enim
401 2630 480 2704 ponc
495 2609 613 2680 relictio
628 2611 757 2704 species
776 2611 909 2679 erratici
924 2611 1002 2678 ostri
1021 2623 1184 2704 tanquam

171 2727 214 2798 ad
236 2733 410 2825 sequentia
434 2733 527 2825 signa
552 2744 585 2801 et
610 2733 778 2802 orientem
807 2753 922 2800 uersus
947 2728 1118 2811 abeuntis,
1147 2746 1186 2800 ut

171 2847 331 2920 Adrastus
346 2851 500 2946 loquitur
520 2882 526 2920 :
547 2866 586 2922 ut
602 2854 755 2947 loquitur
769 2866 883 2922 autem
897 2851 1009 2934 Plato,
1025 2877 1097 2923 non
1116 2877 1186 2947 spe·

172 2973 253 3052 cies,
266 2971 325 3042 sed
336 2976 446 3068 reipsa
459 2975 612 3045 transitio
625 2977 757 3045 erratici
770 2976 848 3044 astri
861 2976 1080 3071 insequentia
1093 2977 1185 3070 signa

171 3092 393 3164 adorientem
408 3093 563 3165 abeuntis
577 3095 788 3191 propriosibi
802 3111 914 3176 motu,
931 3086 1075 3192 exempli
1088 3120 1186 3168 causa

173 3239 192 3283 a
211 3213 344 3286 Cancro
364 3221 399 3285 in
415 3217 579 3289 Leonem.

174 3425 276 3506 quenti
295 3425 398 3486 eadem
415 3429 601 3489 continuatur
620 3429 707 3490 linea.
727 3431 771 3491 De
791 3433 940 3514 scripturo
960 3431 1134 3514 compendio
1157 3433 1186 3490 in

174 3545 244 3586 voce
257 3525 424 3603 ὑπόληψις,
437 3529 503 3591 vide
515 3531 658 3593 Tabulam
672 3553 703 3601 o,
722 3540 753 3592 η’
765 3536 805 3600 do
822 3557 847 3594 o.

217 3629 226 3674 ⁵
247 3629 281 3688 ln
296 3629 396 3690 codice
410 3651 463 3692 vox
479 3632 624 3710 ἄπόληψιε
638 3637 847 3718 compendiosa
867 3639 983 3720 scripte.
1002 3637 1075 3700 Vide
1092 3637 1187 3698 Tabu-

174 3731 233 3792 lam
250 3751 281 3803 a,
297 3739 329 3792 n·
344 3735 385 3800 do
401 3733 425 3794 ὁ.

217 3836 226 3865 ⁶
245 3833 282 3896 ¹In
297 3837 398 3900 codice
413 3839 601 3900 ἐπαυατολάς.
617 3841 679 3887 -⁷
704 3843 736 3902 ln
751 3843 851 3903 codice
866 3847 1013 3924 μαρκίνου.
