2958 4824
468 441 524 504 DE
545 441 845 504 ASTRONOMIA.
1099 443 1161 505 tto

152 565 316 641 distantiis
342 581 376 637 et
398 563 698 662 magnitudinibus.
725 565 811 638 Nam
837 569 983 636 maxime
1008 565 1162 638 dictanda

151 687 239 756 Solis
254 701 303 757 est
319 690 368 769 θε,
385 702 419 758 et
432 691 573 759 minima
588 689 640 771 θν;
656 691 824 784 quantitas
835 713 917 760 vero
933 713 1001 782 qua
1015 689 1161 760 maxima

151 809 332 878 minimam
350 821 485 904 superat
502 808 641 904 epicycli
659 806 698 878 [it
719 807 919 891 diametros,
943 833 1024 880 nam
1045 833 1161 880 secun·

117 970 123 979 ·
151 928 237 998 dum
251 929 442 1025 epicychun
453 927 493 1000 ht
504 930 578 1000 talis
590 929 831 1010 consideratio,
847 931 1010 1024 quoniam
1025 929 1098 1012 εζηκ
1113 955 1151 1002 er

150 1052 248 1120 ratici
260 1052 338 1120 astri
349 1050 495 1120 circulus
507 1049 695 1120 secundum
709 1049 892 1146 quemdam
906 1055 1161 1124 concentricum

151 1169 260 1244 fertur
277 1170 460 1250 einoldum,
479 1170 637 1241 videlicet
655 1164 744 1259 μονξ.

203 1292 247 1362 Et
262 1291 403 1388 quidem
421 1291 611 1362 secundnm
629 1305 809 1387 utramque
823 1291 1053 1390 hypothesim,
1073 1293 1161 1364 hanc

152 1437 216 1507 per
229 1416 474 1494 excentricnm,
488 1413 582 1484 iiiam
597 1436 659 1508 per
672 1413 876 1510 epicyclmn,
891 1413 979 1484 saiva
992 1437 1062 1484 esse
1074 1413 1151 1508 phae

154 1559 302 1606 nomena
320 1539 366 1605 sic
383 1536 440 1606 ifle
456 1534 612 1606 ostendit.
632 1535 700 1606 Sed
716 1534 931 1630 Hipparchus
953 1537 999 1604 ait
1020 1535 1161 1630 dignum

154 1680 224 1726 esse
246 1656 485 1727 mathematica
503 1655 770 1727 consideratione
789 1681 924 1726 causam
941 1679 1039 1726 nosse
1057 1679 1160 1752 prop-

51 1755 56 1762 ’
152 1790 204 1846 ter
213 1801 317 1871 quam
327 1791 395 1847 tarn
408 1776 675 1872 discrepantibus
683 1779 771 1847 inter
779 1801 813 1848 se
825 1775 1161 1874 hypothesibus,hac

152 1921 214 1991 per
230 1901 437 1968 excentricos
450 1899 610 1980 circrdos,
626 1898 716 1994 [ilia]
732 1923 795 1994 per
805 1901 1038 1970 concentricos
1050 1912 1084 1968 et
1096 1901 1161 1992 epi

152 2019 273 2114 cyclos,
286 2018 406 2090 eadem
417 2019 505 2091 effici
517 2019 686 2092 videntur.
698 2017 856 2090 Ostendit
866 2033 980 2089 autem
989 2016 1158 2099 Adrastus,

195 2209 206 2238 ⁹
229 2211 297 2269 Post
310 2231 410 2271 vocem
425 2213 583 2293 ὲγκέντρου
596 2209 803 2292 compendiose
814 2211 949 2291 scriptam
961 2205 1118 2290 (videTnb.
1127 2226 1159 2275 n,

153 2320 186 2371 n⁰
200 2335 216 2395 7
233 2313 265 2380 b,
282 2316 340 2393 2⁰),
357 2315 387 2372 in
402 2313 500 2374 codice
512 2314 619 2397 legitur
633 2317 824 2395 ὁμοκέντρου,
840 2314 922 2396 cujus
937 2312 1014 2372 vocis
1025 2309 1103 2370 idem
1118 2321 1161 2370 est

153 2437 265 2477 sensus:
279 2416 353 2478 Vide
368 2417 473 2478 Notam
490 2437 538 2477 nn.
554 2417 616 2479 Vox
629 2420 806 2498 δμοκέιπρου
825 2415 920 2499 glossa
938 2426 1010 2476 este
1028 2413 1161 2495 margine

152 2521 185 2578 in
198 2530 310 2592 textum
323 2519 468 2580 translata.
480 2519 570 2604 Panlo
584 2520 660 2580 inire
674 2519 855 2580 inveniemus
866 2522 1047 2597 ὁμοκέντρων
1056 2515 1159 2577 eodem

152 2643 254 2692 sensu,
267 2643 327 2706 quo
338 2622 433 2685 multo
447 2623 550 2705 saepius
565 2623 596 2682 in
611 2621 666 2682 hoc
680 2642 767 2704 opere
778 2624 948 2699 ἐγκέντρων.

183 2723 204 2754 ¹⁰
224 2725 259 2785 In
273 2726 372 2786 codice
389 2729 529 2802 Φαίνεται.

185 2827 202 2858 ¹¹
228 2827 261 2888 ln
274 2829 374 2890 codice
389 2828 480 2888 circii
493 2809 573 2904 piot.

185 2927 206 2957 ¹¹
228 2929 261 2990 ln
277 2930 376 2990 codice
390 2929 467 2989 lines
489 2949 549 2988 una
567 2928 612 2988 bis
630 2928 745 3010 legitur,
766 2923 817 2983 sed
836 2923 950 3004 punctis
972 2921 1053 2982 alteri
1075 2920 1159 2983 lineo

153 3033 316 3113 suppositis.
332 3033 379 3093 En
393 3031 503 3092 lineam
518 3041 685 3111 utramque,
699 3037 764 3110 post
775 3045 858 3084 voces
868 3022 933 3082 ἀλλ’
942 3025 988 3082 dri
999 3023 1123 3100 μὲνκαθ
1132 3029 1157 3084 ἑ-

199 3136 227 3191 1⁰
248 3138 371 3214 κατέραν
385 3138 439 3205 τὴν
450 3135 590 3192 ὑπόθεσιν
601 3135 655 3202 τὴν
666 3133 877 3208 κατέγκεντρον
887 3127 934 3184 καὶ
948 3129 1003 3195 τὴν
1015 3123 1077 3183 κατ’
1086 3128 1117 3184 t-

195 3237 227 3294 2⁰
248 3241 370 3318 κατέραν
377 3241 431 3307 τὴν
442 3237 582 3296 ὑπόθεσιν
591 3238 645 3306 τὴν
653 3237 863 3310 κατέγκεντρον
872 3229 919 3286 nat
926 3231 980 3298 τὴν
990 3225 1156 3298 innoxios,

195 3338 300 3420 Liquet
308 3338 339 3396 in
351 3337 411 3398 fine
422 3338 527 3420 prioris
539 3335 622 3396 lineae
635 3334 759 3417 primam
768 3350 830 3392 esse
839 3328 965 3390 litteram
974 3329 1051 3390 vocis
1061 3331 1157 3388 ἐπίκυ-

152 3439 239 3508 utos,
255 3439 324 3498 etin
339 3438 426 3498 altera
440 3438 517 3498 linea
534 3457 634 3498 vocem
648 3433 710 3494 κατ’
722 3443 788 3492 ante
807 3430 965 3492 ἐπίκυκλον
980 3428 1056 3490 male
1071 3431 1157 3490 omis·

67 3617 69 3620 Ι
152 3547 215 3600 sain
230 3561 300 3601 esse.
314 3541 347 3599 ln
358 3551 479 3621 utraque
489 3540 568 3599 linea
578 3537 652 3598 male
665 3534 772 3617 iegitur
782 3538 1008 3615 κατέγκεντρον,
1021 3543 1050 3594 et
1061 3531 1155 3613 legen·

153 3642 225 3702 dum
239 3641 300 3702 κατ’
314 3644 476 3721 etampes.
491 3642 563 3702 Vide
577 3637 719 3701 Tabulam
735 3659 765 3705 i,
779 3642 810 3696 n'
824 3636 851 3696 3.

185 3741 206 3772 ¹⁵
228 3743 261 3802 ln
276 3743 374 3802 codice
388 3740 524 3824 διαφέρει.

185 3843 205 3873 ¹⁴
227 3847 260 3906 ln
276 3844 375 3904 codice
389 3844 468 3904 deest
482 3855 525 3920 τῇ.
