2970 4822
332 394 390 460 130
623 395 818 458 THEONlS
839 395 1048 462 SMYRNAEI

327 518 517 606 plenasque,
529 516 773 594 craterense,
786 518 870 586 inter
887 529 1057 605 utramque
1070 543 1220 586 cavarum
1239 521 1345 610 aph·-

326 654 441 714 rarum,
451 630 654 718 superficiem
667 631 794 708 videtur
810 632 961 720 posuisse.

672 807 728 824 ”’
771 805 931 873 ‘sno'

349 933 352 940 ²
370 947 403 985 DE
422 939 526 987 ZODlACI
546 921 773 1010 onnlourrtrcsun
792 951 902 987 SPHAERAE
922 917 1097 990 emortuorum
1113 952 1290 991 mantuanus.

173 1118 182 1143 .
200 1116 269 1144 ,xor
357 1081 450 1162 ‚Quae
468 1095 714 1171 sequuntur‚-au
732 1084 924 1173 Dercyllidis
940 1085 1020 1158 sint,
1033 1085 1171 1152 dubium
1187 1107 1255 1154 esse
1267 1088 1342 1175 jam

324 1195 473 1265 diximus.

370 1309 510 1397 Sphaeraa
526 1309 736 1397 circuliquot
752 1309 904 1396 gradibus
919 1309 1058 1374 invicem
1074 1309 1207 1382 distent,
1225 1310 1341 1378 Theon

324 1421 508 1508 Smyrnaeus
525 1443 590 1486 non
606 1431 767 1501 accurate,
781 1421 836 1496 sed
850 1421 953 1507 plenis
967 1432 1094 1486 tantum
1104 1421 1264 1508 graduum
1278 1446 1341 1488 nu·

323 1533 421 1600 meris
437 1533 560 1600 delinit.
578 1514 795 1619 Zodiaci'ergo
808 1533 1031 1620 obliquitatem
1042 1535 1203 1622 graduum
1218 1547 1275 1608 nt,
1288 1537 1341 1602 vel

323 1646 467 1734 inseripti
484 1646 522 1711 in
536 1646 695 1712 circulum
717 1648 756 1712 15
774 1645 911 1715 laterum
932 1648 1080 1735 polygoni
1100 1647 1208 1714 lateris
1227 1648 1339 1721 unius,

323 1783 391 1826 esse
407 1758 536 1825 statuit¹
552 1785 561 1823 z
579 1759 667 1847 quod
680 1759 750 1846 jam
767 1770 841 1826 ante
857 1759 1042 1826 Eudemum
1057 1760 1238 1834 Rhodium,
1256 1761 1341 1826 Aris·

322 1871 426 1946 tutelis
447 1871 662 1956 auditorem&
674 1872 748 1938 rudi
770 1872 987 1939 observatione
1004 1884 1207 1959 compertum
1224 1872 1338 1940 fuerat.

322 1985 475 2050 Arrncum
498 1995 629 2062 autem,
648 1984 750 2052 idest
769 2005 897 2073 semper
916 1995 1125 2072 apparentem
1145 1985 1338 2059 circulum³.

322 2098 473 2184 gradihus
488 2099 532 2166 36
548 2121 566 2162 a
585 2097 658 2185 polo
675 2097 853 2164 secundum
871 2096 1095 2184 Hipparchum
1112 2097 1231 2179 distare
1243 2098 1338 2171 dicit,

322 2224 354 2278 ot
369 2211 405 2278 id
421 2211 554 2300 quidem
572 2210 608 2276 in
624 2210 729 2276 Rhodi
751 2210 864 2276 insuloe
886 2209 1038 2298 parallelo
1058 2231 1171 2274 verum
1188 2214 1263 2282 esth,
1281 2213 1339 2280 uhi

322 2326 400 2390 coelo
413 2324 615 2411 Hipparchus
627 2323 784 2390 studebat.
864 2401 868 2406 .

790 2505 803 2560 S
822 2507 868 2560 27.

662 2640 694 2676 DE
714 2638 829 2676 Mortuus
849 2638 876 2674 lli
895 2637 991 2675 semes.

367 2774 471 2843 Pauca
483 2773 615 2852 tandem
631 2771 946 2859 Theonsmyrnaeus
959 2771 1048 2838 addit
1060 2770 1100 2838 de
1112 2770 1248 2836 sinuosis
1261 2771 1338 2858 duo

321 2887 381 2952 bus
397 2886 553 2958 motibus,
572 2885 662 2972 quie
684 2884 848 2973 primariis
868 2909 922 2971 per
942 2885 1078 2948 occidens
1096 2881 1189 2946 fiunt.
1205 2862 1337 2947 'Horum

320 2998 408 3087 prior
426 3009 472 3064 est
489 2999 587 3086 spira,
604 3020 721 3084 quam,
737 2996 893 3084 copulatis
909 2995 1064 3065 inerranti
1082 3006 1112 3060 et
1124 2995 1258 3074 erratico
1274 3017 1339 3060 mo-

320 3111 422 3184 tibus,
435 3110 558 3176 circum
571 3109 706 3193 Terram
718 3109 801 3173 inter
814 3108 954 3174 minores
966 3107 1046 3174 duos
1059 3107 1275 3194 aequinoctiali
1288 3129 1338 3195 pa-

320 3223 445 3290 rallelos
466 3221 602 3291 circulos
619 3203 777 3329 astrorum
794 3220 971 3288 errantium
988 3220 1140 3309 quodque
1157 3219 1337 3286 describere

361 3434 367 3463 ¹
389 3428 454 3505 viu
467 3430 561 3483 uotam
576 3445 609 3500 a.
728 3383 750 3447 l

358 3525 369 3557 ¹
390 3521 456 3578 Vide
468 3521 585 3578 Theonis
598 3521 654 3586 Spa.
667 3520 765 3574 Aelana.
778 3537 801 3573 c.
815 3537 862 3582 ιι,
875 3519 920 3573 sel.
937 3523 970 3576 ao
985 3539 1015 3582 a,
1032 3529 1058 3574 et
1071 3518 1236 3582 Anatolium,
1247 3518 1275 3572 ia
1292 3519 1338 3572 Fa-

319 3617 396 3672 hricii
408 3613 524 3672 Biblioth.
537 3635 575 3690 qr.
589 3625 607 3668 t.
622 3615 661 3676 ll,
675 3632 702 3687 p.
718 3631 769 3685 ²77
783 3612 855 3684 (ηδ)
871 3622 920 3666 vet.
932 3611 974 3666 ed.

358 3715 368 3744 ³
388 3711 454 3766 Vide
468 3709 549 3783 hujus
563 3707 630 3762 Disr.
643 3717 709 3782 part.
723 3707 760 3769 ΙΙ,
775 3725 797 3760 c.
810 3723 845 3769 lv,
858 3703 871 3758 S
882 3707 907 3760 5.

357 3806 367 3837 ¹¹
387 3803 453 3858 Vide
465 3801 597 3856 Ptolemaei
611 3801 693 3873 Οοηφ.
708 3799 782 3854 malla.
797 3800 834 3862 ll,
851 3803 881 3864 6,
897 3811 914 3851 t.
929 3802 953 3862 l,
969 3819 995 3873 p.
1010 3799 1045 3856 83
1057 3801 1166 3856 Halmaa
