2964 4824
466 411 522 474 DE
545 411 840 475 ASTRONOMIA.
1093 415 1153 476 277

151 535 382 632 quorumdam
401 536 541 608 ambitui
560 537 759 616 insidentes,
779 554 837 609 aut
854 539 1015 634 quasdam
1032 544 1153 636 spiras,

152 681 214 753 per
224 683 300 752 quae
309 662 423 728 omnia
431 659 658 732 mathematici
670 663 739 756 ipsa
749 663 880 732 moven·
890 676 1043 742 censent,
1053 662 1159 758 sphae·

152 803 268 848 rarum
291 783 510 850 conversione
531 779 675 876 decepti.
696 781 985 876 Quandoquidem
1008 807 1089 880 ergo
1110 789 1156 856 vi-

153 899 272 970 demus
287 924 326 970 ea
340 903 487 972 universi
503 915 599 972 motu
617 903 719 971 simul¹
733 901 856 972 deserri
874 902 1025 997 quotidie
1044 908 1158 976 omnia

153 1021 196 1090 ab
211 1035 289 1090 ortu
306 1021 347 1090 ad
365 1045 538 1102 occasum,
559 1025 727 1093 contrario
746 1037 859 1093 autem
875 1037 971 1094 motu
987 1023 1159 1098 transferri

154 1140 197 1212 ad
218 1145 392 1237 sequentia
413 1146 506 1238 signa
531 1167 592 1236 per
614 1143 791 1238 obliquum
817 1143 1007 1224 zodiacum,
1032 1149 1160 1216 moveri

156 1267 258 1334 etiam
273 1263 429 1334 nonnihil
449 1267 484 1333 in
498 1263 727 1344 latitudinem,
748 1278 782 1334 et
795 1263 874 1334 ideo
889 1289 981 1334 nunc
996 1267 1100 1360 magis
1118 1261 1174 1336 ad

155 1384 367 1478 aquilonem,
380 1410 472 1454 nunc
483 1383 525 1454 ad
536 1399 687 1454 austrum
697 1387 799 1481 magis
809 1389 974 1480 compici,
988 1399 1162 1482 preterea·

157 1531 223 1599 que
242 1508 277 1574 in
293 1506 461 1576 excelsum
479 1519 513 1576 et
531 1509 567 1574 in
585 1507 714 1578 humile
732 1506 826 1586 ferri,
848 1506 939 1578 unde
957 1505 995 1577 fit
1012 1522 1051 1578 ut
1068 1531 1161 1578 nuuc

157 1629 260 1721 magis
282 1651 375 1718 nunc
394 1629 505 1696 minus
529 1652 547 1695 a
568 1625 672 1697 Terra
690 1626 843 1698 distantia
864 1627 1055 1708 videantur,
1081 1627 1161 1698 dicit

156 1745 349 1818 Aristoteles
367 1750 495 1842 priores
508 1751 655 1842 posuisse
671 1773 733 1843 per
746 1749 861 1844 plures
874 1747 1037 1844 quodque
1054 1749 1160 1845 sphae·

156 1894 208 1938 ras
225 1873 365 1941 moveri.

430 1967 538 2034 [[auoon
557 1985 639 2019 ornno
656 1985 685 2017 er
703 1969 883 2035 tarsrorrms.]]

209 2111 367 2182 Eudoxus
385 2115 430 2181 ait
443 2112 559 2182 Solem
579 2125 613 2182 et
632 2112 763 2180 Lunam
781 2109 889 2180 tribus
907 2111 1044 2206 sphaeris
1063 2107 1162 2182 infixa

160 2255 244 2312 esse,
265 2256 409 2326 quarum
427 2259 496 2302 una
513 2248 563 2303 est
581 2233 711 2328 sphaera
732 2235 954 2302 inerrantium
971 2232 1160 2312 stellarum,
1225 2255 1229 2266 ·

159 2358 248 2424 circa
261 2355 357 2448 polos
367 2359 513 2426 universi
525 2380 559 2425 se
570 2343 768 2427 convertens
781 2367 815 2423 et
827 2377 888 2448 per
898 2357 968 2424 vim
982 2355 1060 2424 alias
1073 2379 1167 2425 com·

160 2592 250 2662 δεινά,
262 2614 364 2655 sensus
374 2607 418 2656 est
430 2596 457 2656 in
465 2597 527 2678 ipsis
537 2594 708 2662 delictorum,
720 2594 899 2676 roeqotiomm,
909 2591 1091 2673 periculorum
1103 2602 1166 2651 tem·

158 2696 280 2777 poribus,
296 2698 335 2757 ita
353 2697 508 2760 locutionis
521 2695 594 2780 arap'
611 2697 736 2768 ἑκάσΊην
753 2696 889 2778 (ἡμέραν)
911 2713 1012 2756 sensus
1030 2705 1073 2754 est
1094 2695 1166 2754 intro

162 2800 291 2882 cujusque
305 2799 359 2861 diei
372 2802 498 2883 spatium.
514 2799 644 2868 Deinde,
661 2819 729 2860 cum
749 2797 868 2858 vocibus
881 2801 935 2867 τὴν
957 2795 1005 2856 ἀπ’
1020 2795 1166 2856 ἀνατολῶν
1224 2879 1226 2884 Ι
1290 2795 1293 2802 ’

163 2905 211 2960 ἐπὶ
223 2901 331 2972 δύσεις,
345 2904 502 2964 subaudire
516 2913 629 2985 oportet
642 2904 746 2983 φοράν.

205 3003 214 3033 ⁵
235 3005 269 3063 ln
284 3005 382 3066 codice
396 3009 568 3086 νωτιωτέρα.

206 3105 216 3134 ⁶
239 3105 295 3166 Pro
309 3110 367 3175 dn,
382 3109 413 3166 in
433 3107 535 3168 codice
547 3117 591 3166 est
604 3110 653 3166 ort
668 3104 713 3174 tt,
729 3125 828 3166 errore
846 3103 970 3171 librarii,
986 3112 1104 3185 propter
1117 3103 1167 3160 ut

164 3207 211 3277 ts,
227 3209 307 3291 quod
320 3210 462 3291 precedit.
476 3211 577 3270 Priora
592 3229 660 3270 vero
674 3229 734 3270 non
743 3207 903 3268 Aristotelis
916 3216 999 3274 suut,
1016 3203 1067 3265 scd
1077 3201 1172 3264 Theo-

165 3310 225 3377 nis,
248 3312 299 3392 qui
320 3310 480 3372 Aristotelis
502 3321 631 3370 mentem
650 3330 710 3369 non
729 3320 876 3370 assecutus
899 3319 950 3370 est.
971 3305 1046 3368 Vide
1066 3316 1175 3366 nosue·

166 3413 237 3472 Dios.
254 3424 325 3494 part.
339 3413 378 3481 ll,
394 3435 417 3473 c.
433 3435 482 3480 ιιι.
496 3414 509 3472 i
522 3414 551 3474 6.

209 3513 218 3541 ⁷
240 3515 275 3574 ln
290 3513 390 3575 codice
399 3519 480 3575 κατά.
493 3515 606 3575 Titulus
618 3515 679 3587 hic,
690 3517 760 3600 quia
775 3514 874 3596 capitis
885 3533 951 3573 mr
967 3511 1051 3572 titulo
1061 3509 1094 3570 tit
1107 3511 1171 3570 inu·
1228 3503 1232 3511 ¹

139 3611 143 3620 ’
167 3618 237 3686 tilis,
250 3617 415 3678 minoribus
427 3617 528 3678 litteris
542 3618 637 3679 editus
648 3630 693 3679 est
706 3639 740 3680 ao
751 3617 904 3699 geminatis
915 3615 997 3675 uncis
1009 3612 1148 3673 inclusus.

209 3719 218 3747 ⁸
240 3721 274 3781 ln
289 3719 389 3782 codice
404 3719 546 3780 ἀπλανῶν.

175 3869 176 3874 η
209 3823 219 3852 ⁹
241 3825 273 3883 ln
290 3823 390 3884 codice
406 3821 561 3891 ἐπιδόσεως
577 3834 606 3883 et
619 3843 686 3884 mox
701 3821 832 3913 similiter
846 3819 991 3895 ltoptoov.
