3016 4826
335 425 397 487 380
620 423 747 484 NOTAE
770 425 813 484 ΙΝ
837 423 1052 484 ΤΗΕΟΝΕΜ

334 548 415 606 tinto
425 556 454 606 et
466 543 647 606 celeritatem
659 546 795 606 verietete
812 543 938 607 differre.
951 545 984 606 ld
1000 567 1036 607 eo
1051 546 1251 616 confirmetur,
1264 549 1345 630 quod

333 647 514 717 Chalcidius‚
531 647 728 708 commetario
743 649 771 708 in
789 648 919 708 Timoenm
931 647 938 678 ⁸
951 647 1080 710 Theonis
1093 649 1270 712 Aeonuomioe
1280 673 1345 711 mu-

335 749 584 812 tilnmvereionem
592 751 734 819 inserens,
741 772 834 833 quum
843 750 882 812 ed
892 761 1059 833 ceputmv
1071 751 1109 813 de
1118 753 1346 834 retrogreeeibuo

334 855 480 937 pervenit.
502 875 553 916 eos
575 853 706 936 primum
728 854 892 916 secundnm
914 875 980 915 enm
1001 854 1187 938 hypothesim
1212 857 1345 939 exponit,

332 977 391 1041 quo
403 969 499 1019 motus
513 959 545 1018 io
557 957 685 1041 epicyclo
696 957 730 1017 lit
741 976 877 1019 occasum
891 979 1004 1027 versus.
1017 969 1047 1020 et
1058 958 1134 1020 hono
1147 960 1270 1043 quidem
1283 981 1346 1022 ense

333 1059 404 1120 dicit
416 1060 648 1142 philosophorum,
659 1081 734 1144 quoe
749 1061 838 1122 etiem
850 1060 975 1144 physicos
988 1062 1134 1131 nominet,
1146 1063 1220 1146 equi
1233 1083 1293 1124 non
1308 1062 1345 1123 ed

334 1185 388 1225 nee
397 1185 463 1248 qne
472 1164 618 1232 videntur,
633 1164 684 1224 red
700 1163 736 1224 ed
748 1163 913 1226 naturalem
925 1164 1075 1226 stellarum
1086 1178 1202 1226 motum
1214 1165 1345 1226 unimod-

333 1277 479 1327 «vertunt.
499 1266 616 1327 Nullam
631 1268 754 1350 quippe,
770 1269 880 1351 inquit,
897 1267 1011 1328 stellam
1030 1267 1145 1330 diverso
1164 1271 1346 1331 contrariove

333 1381 436 1430 unotu
453 1371 499 1450 [in
514 1368 657 1452 epicyclo]
672 1382 774 1430 contre
793 1371 936 1431 universe
954 1372 995 1430 rei
1014 1384 1129 1432 motum
1149 1373 1347 1434 circumactio

334 1491 484 1554 memque
500 1471 602 1552 [idest
620 1474 764 1533 orientem
783 1475 897 1554 verene]
914 1473 1066 1541 adserunt,
1087 1473 1139 1535 red
1158 1495 1260 1535 omnes
1280 1476 1345 1534 uni-

333 1573 487 1635 ·formiter
511 1574 579 1634 ferri
607 1574 769 1635 secundum
792 1587 928 1636 naturam
952 1597 1036 1636 suem
1064 1576 1115 1657 [id
1138 1588 1182 1636 eet
1209 1597 1346 1638 occasum

334 1677 480 1757 «eenoch
492 1705 502 1730 ·
516 1677 595 1737 'l'nm
615 1677 652 1736 ed
672 1678 805 1746 alteram,
825 1699 891 1762 qun
910 1691 953 1740 eet
973 1679 1236 1748 mathematicorum,
1256 1680 1346 1762 hypo-

334 1778 440 1840 thesim
455 1781 613 1848 transiens.
631 1783 672 1841 ait
684 1807 690 1838 ι
704 1782 843 1843 «Faciem
858 1803 927 1865 crgo
942 1795 975 1844 ut
989 1784 1078 1844 etiem
1088 1760 1172 1866 juxlo
1186 1781 1346 1844 methema-

335 1883 426 1944 ·tiooe
436 1881 488 1954 εζη
499 1882 644 1965 epicyclus
657 1895 758 1944 contre
771 1887 858 1945 totius
870 1885 977 1946 mnudi
992 1897 1108 1946 motum
1123 1885 1231 1946 leretur
1245 1884 1292 1965 [id
1305 1895 1348 1946 est

334 1987 498 2046 :orientem
517 2006 616 2046 versus
636 1987 748 2047 circum
768 1998 903 2048 centrum
923 2009 1013 2048 ouum
1033 1987 1213 2070 volmtur].·
1233 1987 1347 2050 Scilicet

335 2089 491 2150 stoicorum
507 2090 636 2172 primum
656 2091 830 2152 sententiam
852 2102 982 2158 secutur,
1002 2089 1110 2152 deinde
1130 2089 1279 2151 Ptolemaei
1302 2111 1347 2150 ce·

334 2202 524 2276 terorumque
544 2190 817 2254 mathematicorum
839 2194 1011 2275 opinionem
1033 2193 1232 2275 phoenomenis
1254 2194 1348 2277 magis

335 2305 560 2355 consentaneum
575 2296 708 2356 omittere
723 2295 826 2357 noluit.
839 2295 990 2356 Thoonem
1005 2297 1103 2380 ipsum
1117 2297 1150 2356 in
1165 2297 1259 2380 cupite
1273 2315 1347 2358 xxxv

334 2397 459 2458 voluisse
478 2409 609 2459 errantes
629 2399 725 2460 stelles
746 2401 777 2458 in
792 2397 922 2482 epicyclo
941 2397 1009 2459 ferri
1030 2399 1211 2460 occidentem
1231 2419 1346 2468 versus.

336 2500 516 2582 apertissime
527 2501 669 2582 probetur
683 2503 786 2584 cupitis
800 2503 884 2562 istius
898 2501 1025 2563 lectione
1039 2511 1068 2563 et
1082 2501 1292 2584 Descriptionie
1307 2501 1349 2562 XI

337 2614 471 2686 aspectu,
487 2605 517 2663 in
533 2624 592 2687 que
608 2615 752 2687 punctum
768 2627 783 2664 e
799 2625 815 2664 e
830 2603 915 2664 nobie
929 2604 961 2662 in
977 2623 1089 2686 epogeo
1101 2605 1205 2666 merito
1219 2604 1347 2688 positum

337 2726 399 2767 esse
413 2703 497 2768 linere
509 2709 583 2784 θμεα
597 2707 717 2767 nomine
731 2707 832 2790 liquet.

778 2868 849 2922 Nom
869 2870 907 2922 ll.

623 2979 660 3032 Ad
674 2998 697 3034 c.
711 2996 786 3040 1111,
800 2979 846 3034 lol.
862 2999 897 3034 ro
910 2999 943 3043 o,
955 3001 981 3056 p.
998 2985 1059 3052 278.

386 3152 519 3170 .......
530 3114 667 3190 neopum
686 3109 752 3168 καθ’
772 3109 896 3168 &nolon
917 3108 1189 3190 &repeda-Siren
1209 3107 1274 3175 ille.
1297 3127 1349 3189 per

336 3229 426 3291 quem
438 3212 559 3272 erratice
574 3210 697 3272 stellein
711 3209 892 3295 profundum
903 3211 967 3271 ooeli
980 3223 1155 3281 moveretur,
1168 3211 1199 3272 id
1214 3222 1258 3272 est
1269 3229 1349 3269 nunc

338 3313 445 3393 magis,
460 3333 540 3372 nunc
555 3315 654 3372 minue
669 3335 686 3372 e
699 3315 790 3374 Terre
804 3315 978 3384 discederet,
992 3314 1065 3374 nihil
1082 3315 1162 3375 uliud
1177 3335 1241 3375 esee
1255 3323 1349 3396 potest

337 3435 428 3496 quem
441 3415 584 3498 sphaerule
597 3416 656 3475 sive
668 3417 812 3499 epicyclus
823 3418 936 3478 stellam
948 3418 1058 3486 ferens,
1072 3430 1101 3479 et
1112 3417 1221 3479 circulo
1234 3417 1276 3477 illi
1289 3415 1349 3476 eive

339 3515 468 3598 sphaere,
483 3538 534 3599 per
552 3538 642 3600 quem
661 3517 695 3578 fit
713 3520 801 3580 stellae
821 3522 916 3582 medie
935 3533 1033 3582 motus
1053 3521 1199 3589 celeritas,
1220 3521 1262 3580 eie
1281 3519 1349 3578 insi-

339 3621 425 3688 dens,
437 3631 469 3679 ut
480 3601 643 3682 coelestibus
657 3621 771 3684 circulis
784 3623 901 3684 Sirenas
914 3625 1040 3686 insidere
1056 3621 1156 3684 Plato’
1173 3623 1272 3684 voluit.
1289 3619 1350 3694 Qui

374 3778 379 3804 ¹
399 3777 448 3826 Fol.
464 3795 493 3842 ²9
505 3797 519 3827 o
529 3779 641 3836 Ascensii.
655 3797 680 3846 p.
695 3781 799 3844 173·175
812 3779 914 3830 Meuroii.

371 3861 379 3886 ²
397 3861 450 3926 liep.
465 3863 498 3918 ll,
511 3881 533 3928 p.
545 3866 591 3926 617
605 3880 626 3912 e.
639 3863 697 3912 Vide
709 3873 732 3914 et
742 3863 842 3914 Theonis
855 3865 902 3913 Sm.
915 3865 1001 3913 Astron.
1016 3881 1035 3912 c.
1046 3881 1089 3912 rvr.
