2992 4822
329 438 369 499 32
622 431 816 495 THEONlS
837 433 1043 496 sntnnnt

327 562 369 626 ad
386 581 510 625 annum
528 581 629 645 usque
649 563 746 632 1651,
766 559 827 624 nisi
841 560 943 646 quod,
962 559 1343 633 ann01645,Bullialdo

328 670 547 738 commodatus
569 669 685 744 fuerat,
709 671 766 758 qui
791 671 866 736 inde
889 671 1081 759 paucissima
1102 684 1134 737 et
1155 673 1342 744 brevissima

327 784 519 872 fragmenta,
534 801 739 870 nequaquam
754 806 829 848 vero
844 783 1014 850 Alexandri
1030 807 1153 858 versus,
1167 785 1342 875 descripse-

326 907 376 961 rat
388 895 664 983 etProlegomenis
676 895 875 960 Astmaomt'oe
886 896 1055 982 philolaiooe
1067 896 1253 962 inseruerat.
1267 899 1342 963 Post

328 1031 450 1074 annum
477 1011 575 1082 1651,
599 1009 697 1076 codex
722 1009 776 1073 ille
801 1009 836 1072 in
857 1008 1013 1096 privatam
1034 1009 1205 1096 Fouquetii
1227 1007 1341 1076 biblio-

327 1121 467 1195 thecam,
486 1121 562 1187 inde
576 1123 711 1196 iterum,
727 1134 799 1210 post
815 1145 939 1188 annum
957 1125 1060 1195 1662,
1075 1123 1108 1187 in
1122 1123 1267 1196 Tellerii‚
1280 1125 1342 1188 Re-

326 1236 445 1300 mensis
455 1235 699 1322 archiepiscopi,
713 1234 954 1306 bibliothecam,
968 1245 999 1298 et
1008 1257 1093 1300 anno
1104 1235 1238 1300 demum
1251 1257 1340 1318 1700

326 1347 361 1412 in
377 1345 609 1412 Bibliothecam
626 1347 747 1433 regiam
764 1346 915 1410 transiit¹.
934 1345 991 1410 lllo
1010 1369 1107 1412 usum
1123 1369 1191 1412 esse
1204 1359 1259 1412 aut
1270 1349 1341 1414 Vos

327 1459 427 1530 sium,
446 1469 501 1524 aut
517 1459 677 1525 Thomam
694 1457 831 1524 Galeum
849 1455 1006 1544 Anglum,
1025 1459 1082 1545 qui
1103 1457 1161 1524 hos
1178 1481 1287 1524 versus
1303 1459 1339 1524 in

327 1569 477 1636 Addaadis
495 1573 570 1633 notis
589 1573 620 1634 in
632 1569 843 1642 Parthenium,
859 1570 943 1634 inter
955 1571 1099 1635 Historia
1117 1575 1239 1656 poetice
1252 1575 1341 1658 scrip

326 1696 401 1746 tores
413 1681 552 1754 editum,
565 1681 691 1770 primus
703 1682 873 1768 evulgavit,
888 1703 1093 1769 nequaquam
1105 1682 1269 1770 probabile
1281 1695 1339 1748 est.

326 1795 440 1866 Vossii,
459 1795 516 1881 qui
537 1806 614 1859 tunc
625 1793 665 1859 in
684 1791 798 1881 Anglia
815 1794 961 1882 degebat,
980 1795 1162 1884 apographo
1179 1807 1262 1860 certe
1279 1794 1341 1860 Ga-

327 1909 395 1973 leus
408 1929 484 1973 usus
502 1919 564 1982 est,
579 1909 671 1993 cujus
683 1907 751 1972 haec
763 1919 837 1972 sunt
848 1909 943 1974 verba
958 1933 964 1972 :
980 1907 1107 1995 «Atque
1124 1907 1193 1972 haec
1205 1908 1340 1994 quidem

327 2022 465 2114 «adme
488 2043 592 2108 nuper
613 2020 700 2086 misit
724 2043 753 2086 v.
777 2044 803 2086 c.
827 2021 961 2086 etmihi
983 2020 1194 2088 amicissimus
1215 2021 1341 2084 Isaacus

324 2135 485 2207 «Vossius,
496 2157 534 2199 ex
545 2133 637 2220 cujus
648 2133 820 2220 exemplari
830 2145 970 2198 nostram
980 2137 1048 2216 (stc)
1061 2132 1312 2198 emendavimus.
1326 2162 1339 2186 ι

325 2247 416 2313 Vocis
429 2260 560 2310 nostram
571 2246 679 2310 nullus
694 2259 740 2310 est
753 2267 878 2318 sensus,
893 2245 954 2309 nisi
964 2248 1124 2310 editionem
1135 2244 1338 2308 intellexeris.

326 2357 436 2423 Alium
454 2370 545 2422 antea
562 2357 659 2424 Galeo
672 2359 768 2423 luisse
785 2359 1041 2451 manuscriptum
1058 2357 1229 2444 exemplar,
1248 2357 1340 2421 intel-

325 2471 380 2559 ligi
403 2479 477 2535 non
489 2481 606 2558 potest,
625 2471 686 2535 nisi
704 2481 825 2536 mutata
842 2492 917 2535 voce
935 2483 1080 2543 nostram,
1098 2479 1130 2534 et
1147 2469 1233 2534 unde
1255 2468 1340 2534 illud

325 2583 488 2648 habuisset
505 2583 677 2670 exemplar,
696 2584 764 2670 ipse
781 2583 921 2670 proiecto
938 2583 1075 2648 dixisset.
1095 2583 1136 2648 Se
1153 2583 1211 2648 hos
1229 2603 1339 2649 versus

325 2717 363 2760 ex
386 2717 451 2761 uno
466 2697 617 2762 Vossiano
634 2695 758 2767 codice,
777 2695 833 2761 sed
855 2695 945 2782 prius
962 2717 980 2759 a
998 2717 1031 2759 se
1055 2695 1254 2766 emendatos,
1272 2694 1338 2760 edi-

326 2807 423 2880 disse,
447 2807 481 2872 id
503 2807 639 2874 Galeum
662 2807 767 2872 dicere
788 2806 923 2872 voluisse
950 2806 1125 2880 credimus,
1149 2818 1181 2873 et
1202 2829 1272 2871 rem
1293 2807 1339 2873 ita

325 2919 480 2984 intellexit
496 2920 689 2991 Fabricius2,
707 2919 799 3004 cujus
816 2917 884 2982 haee
900 2930 975 2984 sunt
985 2921 1081 2984 verba
1096 2943 1102 2982 :
1117 2919 1254 2984 «Versus
1265 2917 1338 2985 illos

326 3029 520 3100 «Alexandri
538 3032 772 3118 cujuscumque
788 3053 903 3117 grecos
920 3031 1042 3098 lsaacus
1055 3031 1180 3098 Vossius
1195 3053 1339 3098 commu-

326 3145 467 3211 ·nicavit
484 3167 561 3208 cum
577 3144 703 3209 Thomu
720 3139 833 3213 Galen,
851 3143 907 3228 qui
922 3143 992 3208 illos
1005 3143 1105 3210 edidit
1117 3144 1199 3208 notis
1216 3142 1257 3207 ad
1269 3143 1339 3208 Par·

240 3278 243 3282 ·
326 3256 451 3322 «thenii
469 3255 609 3327 Erotica,
628 3277 660 3342 p.
684 3257 783 3337 1l9.»
801 3253 957 3320 Caeterum
973 3256 1063 3344 parvi
1076 3255 1181 3320 refert.
1195 3255 1340 3320 Vossiani

326 3369 414 3434 enim
431 3367 637 3454 exemplaris,
661 3387 699 3429 ex
721 3363 928 3433 Ambrosiano
951 3369 1058 3434 codice
1075 3366 1240 3454 descripti,
1260 3366 1340 3434 Gno—

326 3481 413 3546 tiano
435 3478 618 3568 apographo
641 3477 735 3542 unice
757 3469 832 3542 usus
855 3492 900 3544 est
922 3480 1164 3546 Schneiderus³.
1190 3476 1287 3565 Atqui
1313 3481 1342 3544 si

354 3633 376 3680 '¹
394 3635 460 3700 Vide
472 3643 543 3699 dicta
552 3645 580 3698 in
590 3643 745 3720 precedenti
755 3649 923 3722 paragrapho.

365 3743 375 3774 ¹
396 3741 422 3794 S.
433 3739 568 3814 Hippolyti
581 3758 690 3814 operum
703 3750 722 3792 t.
733 3741 771 3802 ll,
783 3759 809 3813 p.
822 3742 884 3812 371.

366 3839 375 3868 ³
395 3833 461 3889 Vide
475 3833 544 3888 dicta
558 3835 585 3886 in
596 3834 675 3906 hujus
690 3834 779 3907 capitis
788 3832 801 3887 S
811 3837 836 3888 2.
