2992 4822
360 455 389 496 tv
676 430 750 490 nl)
771 427 1019 490 LECTOREM.

360 555 522 626 ‹strissimi
550 579 587 624 ae
614 551 885 624 reverendissimi
910 549 1151 646 archiepiscopi
1177 549 1381 642 Tholosani¹

361 705 375 740 α
386 675 460 771 (sie)
475 673 587 746 Caroli
602 672 801 754 Monchalii,
817 671 937 743 eadem
951 670 993 742 de
1006 669 1148 743 Eudoxo
1161 685 1195 741 et
1208 669 1370 768 Callippo

361 795 503 876 «refert,
533 820 609 892 quae
638 794 830 890 Simplicius
857 817 896 863 ex
920 791 1066 864 Eudemi
1092 791 1231 864 historia
1261 805 1374 862 astro

361 920 545 987 «nomiae.»
573 913 731 986 Attamen
759 914 962 994 Bullialdus,
987 913 1144 1008 promissi
1168 915 1219 984 sui
1242 913 1369 982 imme·

361 1061 447 1117 mor,
468 1061 508 1108 ex
525 1036 592 1108 hoc
607 1035 757 1108 Theonis
775 1060 879 1132 opere
896 1034 938 1104 ad
956 1036 1171 1106 astronomiae
1188 1033 1370 1104 historiam
1450 1063 1451 1078 ¹

360 1159 537 1230 utilissimo
554 1161 632 1230 satis
645 1157 765 1230 hahuit
782 1159 980 1254 paucissima
993 1170 1126 1228 tantum
1140 1155 1368 1236 documenta,

361 1305 424 1351 nec
442 1283 569 1375 optime
589 1280 734 1361 delecta,
753 1279 1006 1374 Prolegomenis
1023 1281 1090 1349 suis
1110 1279 1271 1348 inserere.
1291 1277 1368 1348 Me·

361 1402 494 1494 nagius¹
517 1404 635 1482 etiam,
655 1414 712 1471 aut
734 1425 795 1494 per
814 1399 986 1481 Vossium,
1006 1413 1064 1470 aut
1082 1425 1100 1470 e
1118 1397 1237 1472 codice
1259 1399 1370 1470 archi-

352 1523 511 1622 episcopi
525 1520 701 1602 Tolosam,
722 1520 880 1592 nonnihil
897 1546 937 1590 es
953 1520 1099 1591 Eudemi
1113 1519 1255 1592 Historia
1268 1534 1370 1593 ocho

361 1644 514 1718 nomiaein
526 1641 676 1713 Theonis
686 1642 853 1739 Smyrnaei
864 1639 1064 1713 Astronomio
1075 1657 1367 1714 exstansnoverat.

361 1760 430 1832 Sed
452 1765 714 1840 astronomicam
736 1761 825 1833 hanc
842 1762 991 1834 Theonis
1013 1767 1123 1860 operis
1146 1778 1279 1858 partem
1303 1789 1369 1836 nec

361 1883 560 1965 Bullialdus,
575 1908 639 1955 nec
651 1885 840 1980 Menagius,
854 1909 918 1955 nec
930 1885 1013 1955 alius
1026 1888 1205 1982 quisquam
1217 1884 1258 1955 ad
1270 1884 1369 1957 hunc

362 2005 454 2078 diem
470 2003 590 2086 edidit,
607 2028 801 2100 quanquam
817 2005 852 2076 id
865 2006 962 2077 brevi
974 2004 1127 2076 futurum
1141 2005 1173 2076 J.
1190 2003 1230 2077 A.
1246 2005 1369 2078 Fabri·

362 2129 453 2198 cius²
480 2141 679 2223 speraverat.
711 2128 786 2224 lpse
817 2153 901 2199 vero
930 2126 1133 2207 Fabricius³,
1166 2128 1207 2197 ad
1236 2131 1369 2224 priores

362 2248 482 2320 decem
496 2247 676 2319 Alexandri
690 2275 821 2332 versus,
839 2274 923 2347 quos
939 2235 1173 2344 post'Galerun
1192 2249 1275 2330 edit,
1293 2249 1369 2320 haec

362 2384 535 2442 annotat:
561 2369 708 2443 «Versus
735 2397 860 2468 graecos
886 2369 1067 2442 Alexandri
1095 2371 1239 2443 servavit
1266 2370 1369 2444 nohis

363 2521 378 2559 a
387 2490 485 2563 Theo
499 2491 707 2588 Smyrnaeus,
722 2492 812 2563 libro
826 2495 905 2589 Περὶ
918 2499 981 2562 τῶν
995 2498 1039 2564 eis
1052 2494 1092 2562 τὰ
1105 2493 1270 2579 μαθήματα
1281 2521 1369 2590 χρη-

350 2615 504 2700 ,calpon
532 2628 627 2708 parte
652 2614 708 2684 illa
731 2637 807 2710 quae
829 2617 1055 2685 astronomica
1077 2615 1302 2708 persequitur,
1330 2639 1369 2684 ac

362 2762 377 2800 s
388 2756 493 2804 manu
513 2749 642 2804 exarata
660 2749 813 2830 superest
829 2735 961 2806 Parisiis
977 2737 1012 2804 in
1028 2735 1233 2808 Coishniana
1247 2747 1281 2804 et
1295 2734 1368 2807 Me-

363 2883 378 2921 «
389 2854 516 2926 diolani
527 2857 563 2925 in
575 2854 799 2927 Ambrosiana
810 2854 1026 2927 bibliotheca.
1038 2885 1053 2923 n
1066 2855 1133 2926 Sed
1146 2854 1295 2926 Theonis
1307 2853 1367 2926 As-

364 2979 546 3046 tronomiam
561 2980 650 3047 inter
665 2977 878 3049 Coislinianae
890 2977 1105 3049 bibliothecae
1120 2977 1254 3048 codices
1266 2975 1367 3048 fuisse

362 3097 485 3168 falsum
504 3111 563 3168 est.
586 3099 698 3171 Immo
717 3122 797 3169 vero
815 3102 887 3195 ejus
906 3103 1017 3193 operis
1034 3099 1187 3171 codicem
1205 3097 1369 3170 Mediola-

405 3327 415 3358 ¹
436 3327 512 3391 Vide
531 3331 593 3413 ejus
617 3341 718 3390 notam
739 3330 775 3390 ad
798 3331 959 3413 Diogenem
980 3331 1191 3403 Laertium,‘l,
1213 3331 1267 3399 23,
1286 3341 1306 3391 t.
1324 3329 1367 3397 11,

295 3450 296 3454 ’
362 3453 391 3513 p.
409 3435 460 3502 ia,
473 3431 674 3494 Meibomianae
686 3433 829 3494 editionis.

405 3531 415 3562 ²
437 3534 472 3594 In
485 3535 654 3597 Bibliotheca
666 3558 770 3620 proco,
786 3549 805 3597 t.
821 3538 868 3606 IV,
884 3560 912 3620 p.
927 3537 977 3619 37,
990 3535 1116 3596 Harlesii
1130 3535 1274 3596 editionis.

309 3653 312 3666 ’
406 3635 416 3666 ³
438 3636 484 3698 Ad
497 3638 639 3702 Chalcidii
656 3639 880 3702 Commentariun
896 3642 924 3701 in
941 3641 1223 3710 Timeam,c.1,xx1,
1243 3662 1272 3722 p.
1293 3639 1366 3720 307,

363 3752 432 3802 nota
446 3741 469 3812 f,
484 3743 516 3803 in
531 3754 609 3804 tomo
624 3743 713 3805 altero
727 3744 756 3806 S.
773 3745 921 3828 Hippolyti
937 3765 1068 3826 operum.
1078 3743 1254 3826 Hamburgi,
1271 3742 1365 3824 ¹713·

362 3843 453 3906 in-fol.
