2958 4824
493 429 549 490 DE
572 429 868 492 Asrttortotttt.
1118 433 1180 494 eto

178 578 255 626 rum
275 558 375 625 etiam
395 568 560 624 astrorum
579 553 740 652 quodque
758 555 901 652 simplici
920 569 953 624 et
970 578 1040 626 uno
1061 579 1123 650 per
1144 581 1179 626 se

178 679 290 768 ipsum
313 690 410 746 motu
432 676 640 771 aequabiliter
661 676 740 746 ierri
764 690 797 746 et
818 675 1015 770 composite.
1040 672 1179 746 Clarum

177 796 245 867 luoc
260 795 413 870 futurum
432 820 503 867 esse
521 797 613 877 dico,
632 801 675 876 si,
694 811 808 868 mente
826 807 990 890 ponentes
1007 799 1181 892 quiescere

178 918 363 998 mundum,
381 920 646 990 intellexerimus
664 921 803 988 erratica
815 916 903 988 inira
920 915 1093 988 zodiacum
1112 939 1183 986 mo

178 1042 262 1128 reri,
278 1060 382 1134 <prem
394 1038 609 1110 immobilem
620 1039 911 1132 esseposuerimnr
926 1039 992 1106 tite
1007 1039 1098 1108 mim
1108 1040 1182 1132 jam

179 1140 248 1229 non
263 1164 373 1230 varius
390 1175 424 1230 et
439 1159 663 1255 inaequabilis,
681 1159 740 1230 sed
757 1161 962 1254 compositus
977 1181 1097 1228 eorum
1110 1183 1182 1232 rno-

178 1293 231 1348 tus
244 1279 382 1350 effectus
395 1279 583 1376 apparebit,
599 1278 890 1376 quemadmodum
898 1282 933 1348 in
942 1275 1078 1374 Spioeroe
1086 1291 1182 1350 sunc-

180 1411 249 1468 turo
263 1401 418 1495 platonica
434 1427 454 1470 a
472 1399 571 1470 nobis
588 1399 848 1470 demonstratur.
868 1399 936 1470 Sed
954 1400 1019 1470 alio
1037 1400 1181 1470 aliorum

178 1522 297 1590 itinere
306 1525 522 1616 pernegantis
535 1506 571 1590 et
582 1524 663 1592 varii
679 1545 799 1592 eorum
813 1535 928 1592 motus
939 1545 1038 1590 cause
1049 1533 1100 1590 est
1110 1545 1182 1592 mo

178 1655 231 1710 tua
241 1640 382 1736 duplex,
398 1663 507 1736 quum
523 1645 674 1712 inerrans
688 1642 818 1738 sphaera
829 1643 873 1713 ab
883 1657 961 1713 ortu
971 1642 1015 1714 ad
1025 1667 1183 1714 occatum

177 1763 329 1834 volvatur
346 1755 597 1838 circum-axem
616 1788 679 1858 per
697 1764 795 1858 polos
815 1777 1062 1844 transeuntem,
1083 1777 1118 1834 et
1134 1789 1183 1834 re

176 1904 255 1952 curn
273 1887 413 1979 proprio
433 1885 566 1978 impetit
586 1882 800 1955 circumierat
822 1897 908 1960 uuo
929 1887 1091 1965 errantia,
1110 1909 1184 1956 orn—

177 2001 646 2098 neoquedescribatcirculos,
658 2003 1181 2099 parquosinerrantia'lertmtur,

176 2125 380 2217 parallelos:
402 2131 541 2196 erratica
563 2139 678 2198 autem
701 2129 786 2220 ipra,
808 2149 870 2220 per
893 2139 1029 2198 motum
1053 2129 1112 2220 qui
1134 2139 1184 2195 eet

177 2244 255 2336 ipsis
267 2249 439 2340 proprius,
455 2247 583 2317 tardius
598 2246 640 2316 ab
655 2265 777 2319 occasu
790 2245 831 2321 ad
847 2249 1013 2319 orientem
1027 2245 1184 2320 tanum

178 2387 248 2433 non
264 2367 366 2465 aequis
384 2367 610 2464 temporibus,
630 2366 693 2436 sub
708 2367 850 2466 obliquo
868 2367 1020 2448 zodiaco,
1039 2391 1101 2468 per
1115 2381 1183 2437 tres

175 2483 369 2580 parallelos,
381 2486 580 2568 hibernum,
598 2488 1183 2583 aeqtrinoctialem,testivtrrr1,circu-

176 2605 241 2686 los,
262 2607 351 2677 circa
366 2608 468 2678 alium
487 2633 598 2690 axem,
616 2613 674 2704 qui
693 2608 736 2680 ad
753 2607 1038 2705 perpendiculum
1061 2621 1110 2678 est
1132 2631 1183 2678 zo-

176 2724 277 2798 diaco
288 2741 321 2800 et
334 2715 493 2824 polygoni
508 2729 704 2825 quindecim
719 2725 863 2802 laterum
877 2751 951 2799 uno
964 2729 1070 2800 latere
1083 2724 1183 2798 dietat

178 2846 219 2914 alr
243 2839 466 2922 inorrautium
495 2867 564 2921 mre.
590 2849 634 2922 Et
665 2849 804 2946 quidem
835 2853 1061 2927 erraticorum
1085 2871 1181 2920 arem

178 2965 272 3039 Plato
288 2968 496 3066 firoirirgam
514 2987 550 3043 et
568 2971 682 3043 liramn
699 2987 806 3048 vocat.
899 2971 937 3005 ’·
1011 3001 1015 3012 ·
1117 2993 1123 3003 ’

222 3211 230 3240 ⁷
253 3213 286 3273 ln
301 3216 399 3277 codice
413 3222 504 3278 cincla
519 3221 603 3300 ῥύμη.

222 3313 231 3342 ⁸
252 3317 286 3376 ln
300 3317 399 3380 codice
412 3321 535 3399 eatam.

221 3414 231 3444 ⁰
253 3418 287 3477 ln
302 3418 401 3481 codice
416 3421 605 3505 βραχυτέρων
621 3422 794 3484 eeteros.

210 3516 230 3548 ¹⁰
252 3519 286 3578 lu
301 3520 399 3582 codice
413 3527 562 3606 Φέρεσθαι.

209 3617 230 3650 ¹¹
253 3621 287 3681 ln
302 3620 401 3683 codice
414 3623 558 3687 ἀπλανῶν.

209 3721 231 3754 ¹¹
251 3717 286 3784 ln
300 3723 401 3785 cofficc
413 3725 550 3801 ἢλεκᾶτη.
565 3728 692 3794 Plutonia
708 3732 880 3796 senioralem
893 3741 993 3790 auctor
1005 3728 1086 3789 fatale
1100 3727 1184 3788 intel

178 3823 253 3887 lenit.
269 3826 344 3887 Vide
358 3827 461 3888 Notum
476 3849 503 3890 n.
805 3842 812 3862 '¹
859 3851 862 3856 ’
938 3852 940 3860 ‘
966 3853 968 3858 ’
1068 3843 1070 3856 “
1099 3849 1111 3866 ·’
1141 3861 1144 3866 ·
