2964 4824
491 451 546 512 DE
567 451 863 514 Asrnortontn.
1121 447 1180 512 ³⁰5

575 666 672 724 [crrur
688 665 778 722 mu]

290 801 331 850 DE
351 799 585 866 [surrentum]
604 797 739 848 norlssus
756 797 797 846 ΑΙ)
815 797 1065 854 carcedonum,

520 883 559 930 ET
577 879 837 930 nurnocnsstssus

225 1067 412 1158 Quomodo
435 1083 548 1140 autem
572 1068 754 1164 aliquando
777 1081 959 1138 cernantur
980 1067 1022 1138 ad
1047 1083 1179 1140 antece·

174 1190 287 1261 dentia
309 1190 402 1270 ferri,
428 1205 529 1270 stare,
554 1188 782 1266 retrocedere,
804 1191 989 1258 errantium
1013 1203 1180 1260 astrorum

172 1338 398 1408 quaecumque
415 1313 489 1382 haec
511 1310 620 1382 secere
644 1309 812 1390 videntur,
837 1309 1096 1382 monstrandum
1119 1327 1178 1382 est.

172 1433 223 1504 Sit
237 1434 390 1505 zodiacus
405 1431 489 1524 αέγδ
501 1436 633 1504 circum
648 1433 666 1502 θ
680 1432 828 1502 universi
847 1443 1021 1514 centrum
1040 1436 1180 1504 errantis
1221 1457 1314 1556 “epa
1327 1515 1353 1556 m

171 1559 249 1626 astri
267 1555 436 1652 epicyclus
452 1552 524 1636 εζην
545 1585 551 1622 ε
572 1581 590 1622 a
611 1569 739 1648 puncto
757 1555 789 1633 θ,
809 1553 902 1624 unde
925 1578 987 1624 nos
1008 1553 1176 1636 videmus,
1286 1523 1315 1570 n.
1357 1545 1362 1558 ⁸

171 1676 340 1748 ducantur
352 1679 542 1774 epicycium
557 1690 731 1772 tangentes
743 1675 842 1746 lineae
856 1672 928 1761 θζκ,
943 1675 1015 1756 θνλ,
1033 1691 1067 1747 et
1080 1701 1143 1773 per
1157 1707 1180 1764 μ

134 1833 137 1835 ·
170 1814 326 1869 centrum
349 1800 492 1896 epicycli
513 1799 602 1868 linea
626 1799 714 1886 θμεα.
735 1797 850 1892 Igitur,
875 1799 1038 1892 quoniam
1059 1823 1178 1870 secun-

169 1918 253 1990 dum
261 1922 522 1992 rectamlineam
532 1920 843 1998 videmus,clarum
851 1918 979 1992 estsere
987 1935 1026 1990 ut
1034 1935 1176 2002 astrum,

170 2064 279 2135 quum
293 2045 356 2112 erit
369 2043 404 2111 in
421 2041 455 2122 ζ,
473 2041 572 2112 nobis
587 2045 622 2111 in
635 2071 655 2110 κ
670 2056 829 2136 appareat
846 2071 853 2109 τ
870 2056 1049 2138 postquam
1065 2059 1178 2114 autem

169 2163 399 2255 perieercum
410 2162 539 2234 delatus
548 2161 660 2241 fuerit,
672 2162 844 2234 videbitur
853 2188 1041 2257 perarcum
1051 2165 1177 2236 zodiaci

168 2311 209 2352 κα
240 2287 274 2352 in
310 2285 544 2355 antecedentia
578 2307 790 2379 progressus,
824 2285 987 2366 similiter,
1022 2284 1177 2356 consecto

168 2429 249 2476 arcu
265 2426 313 2488 ev,
330 2405 502 2480 videbitur
513 2431 575 2503 per
587 2431 705 2478 arcum
718 2416 759 2476 αλ
770 2431 982 2502 progressus,
998 2433 1113 2480 nrrsus
1127 2433 1177 2480 an

168 2553 247 2599 cum
267 2526 301 2610 νζ
319 2555 493 2610 emensus,
514 2528 683 2616 videbitur
700 2542 763 2624 pe‘r
780 2555 896 2600 arcum
909 2541 971 2600 λακ
986 2535 1176 2629 insequen-

166 2653 212 2720 tia
229 2653 321 2745 signa
339 2653 577 2722 retrocessisse
594 2651 687 2722 Dum
706 2667 820 2722 nutem
838 2651 881 2722 ad
898 2667 1065 2748 punctum
1085 2653 1105 2735 ζ
1121 2681 1173 2726 ao-

167 2768 265 2840 cedet
279 2785 336 2841 aut
350 2770 392 2842 ab
408 2773 467 2844 isso
482 2771 652 2844 discedere
666 2775 819 2870 incipiet,
834 2775 869 2843 in
881 2803 901 2844 κ
915 2773 1086 2848 videbitur
1097 2778 1175 2872 plus

166 2895 328 2986 temporis
345 2917 546 2965 consumere
565 2910 598 2965 et
615 2910 718 2976 stare,
736 2909 825 2976 tum,
839 2895 972 2994 longius
982 2923 1000 2968 a
1010 2913 1139 2997 puncto
1155 2899 1183 2979 ζ.

167 3009 304 3093 distans,
325 3017 360 3084 in
383 3015 616 3086 antecedentia
638 3019 733 3088 ivisse
756 3016 946 3102 videbitur3
970 3017 1108 3102 deinde,
1129 3021 1172 3092 ad

165 3149 331 3227 punctum
347 3165 363 3203 ν
379 3137 540 3208 accedens
555 3155 613 3210 eut
631 3143 731 3210 etiam
748 3139 791 3208 ab
810 3139 869 3210 ilio
885 3138 977 3210 abire
992 3143 1168 3236 incipiens,

208 3364 218 3392 ⁵
237 3365 270 3424 ln
285 3367 384 3427 codice
400 3391 426 3438 η.

206 3468 215 3496 ⁶
239 3469 272 3526 In
287 3469 385 3530 codice
400 3472 655 3552 προσεποδικέναι.

205 3569 214 3598 ⁷
236 3567 270 3630 In
285 3571 384 3632 codice
398 3595 444 3651 εμ.
460 3575 601 3658 Antiquos
610 3577 772 3639 litterarum
786 3603 805 3658 μ
818 3593 846 3640 et
858 3603 874 3639 ν
885 3581 993 3642 formas
1006 3583 1167 3644 simillimos

163 3673 265 3742 fuisse,
276 3684 364 3734 nemo
372 3677 493 3755 ignorat.
507 3679 580 3740 Vide
593 3681 624 3739 in
636 3680 747 3742 Tabula
759 3705 788 3752 r,
803 3691 834 3742 n⁰
849 3705 880 3753 2,
892 3683 1024 3746 ultimam
1033 3687 1168 3757 secundas

162 3775 246 3837 lineae
260 3775 395 3838 litteram.

205 3877 214 3906 ⁸
237 3879 270 3938 ln
285 3878 383 3941 codice
399 3905 425 3952 η.
442 3917 483 3928 --
499 3881 508 3910 ⁹
530 3883 562 3942 In
578 3885 675 3946 codice
691 3896 747 3946 τῶν
763 3894 788 3958 ri.

983 4013 1017 4063 20
1127 4013 1130 4019 ’
