2992 4822
480 431 538 493 'DE
560 425 858 494 ASTRONOMIA.
1133 429 1175 490 29

167 539 310 626 codicem
325 559 412 624 bunc
428 544 478 624 bis
494 567 619 622 tantum
632 557 736 622 verbis
748 555 869 620 indicat
883 579 890 619 ε
905 554 1066 622 1802163Ι
1079 553 1176 619 Theo·
1278 619 1280 626 ,

168 677 213 738 nis
225 673 376 760 Smyrnaei
386 672 421 735 de
433 673 517 734 rebus
529 669 769 734 ennoematice.
781 669 903 757 Nempe
914 667 1026 733 titulus
1038 679 1175 756 grecus,

167 785 319 872 qualisin
336 783 443 849 codice
460 793 521 855 est,
538 782 620 847 nihil
637 779 775 869 amptius
788 781 891 846 docet·
907 780 996 847 ldem
1012 801 1087 846 vero
1103 781 1176 846 doc·

167 897 305 962 tissimus
321 897 380 968 vir,
398 896 433 960 in
450 895 565 960 eodem
581 895 706 981 opere2,
726 892 954 958 bibliothecam
976 915 1050 957 mss.
1071 893 1177 960 Caroli

166 1008 206 1074 dc
214 1007 392 1080 Montcba1‚
408 1007 447 1070 ab
457 1017 527 1071 octo
537 1017 568 1069 et
577 1005 705 1095 triginta
719 1006 790 1091 jam
802 1004 894 1068 annis
904 1004 996 1091 regiae
1008 1005 1175 1078 insertam,

165 1132 236 1208 post
255 1121 422 1186 Labbeum
443 1137 625 1189 recensens,
643 1115 786 1181 codicem
803 1115 955 1180 eumdem
976 1116 1096 1181 indicat
1115 1119 1178 1184 hoc

165 1233 258 1298 titulo
270 1258 278 1298 ι
289 1231 368 1298 Cod.
383 1251 450 1301 xvi,
474 1226 605 1292 Theonis
617 1225 767 1314 Smyrncei
780 1228 1004 1300 mathematico,
1022 1229 1058 1292 de
1072 1229 1138 1293 coeb'
1150 1244 1179 1294 et

167 1358 251 1408 terre
265 1345 371 1431 fipera
394 1365 433 1405 ee
454 1354 600 1406 astrorum
625 1351 718 1413 moto,
743 1344 856 1404 recenti
873 1352 902 1403 et
922 1341 1051 1427 elepanti
1071 1365 1175 1414 mauu,

164 1477 270 1542 proce.
289 1454 349 1520 Cui
370 1453 477 1526 titulo,
496 1452 596 1517 antei
613 1452 670 1539 qui
688 1453 775 1540 apud
796 1453 961 1517 Labbeum
978 1463 1039 1524 est,
1062 1453 1178 1540 siquis

166 1567 361 1640 attendisset,
382 1587 446 1631 non
472 1565 595 1631 tamdiu
620 1565 794 1630 delituisset
814 1564 955 1630 Theonis
975 1555 1176 1632 Astrononiio.

164 1679 228 1746 sed
244 1680 342 1766 hujus
359 1679 464 1767 operis
481 1677 600 1743 notitiae
617 1677 725 1742 nocuit
741 1676 829 1763 quod
847 1676 997 1764 prodesse
1014 1677 1176 1744 debuerat.

165 1789 258 1856 Anno
279 1792 367 1856 enirn
389 1793 492 1874 1740,
512 1789 716 1856 Bibliotheca·
734 1790 827 1876 regiae
849 1811 923 1853 mss.
946 1789 1094 1855 codicum
1113 1792 1177 1878 ple-

164 1894 262 1992 nioris
283 1903 441 1992 nitidique
455 1903 598 1989 Catalogi
618 1903 797 1968 secundum
811 1902 981 1975 volumen,
999 1924 1064 1989 quo
1083 1905 1177 1991 graeci

164 2015 287 2082 codices
313 2025 529 2088 recensentur,
556 2015 654 2080 edens
676 2015 830 2086 Melotus,
853 2015 993 2080 Theonis
1019 2016 1177 2104 Smyrnaei

165 2129 327 2195 codicibus
343 2129 493 2194 omnibus
509 2129 598 2194 idem
614 2149 694 2215 opus
715 2127 798 2192 illud
816 2128 974 2193 contineri
991 2129 1175 2201 arbitratus,

166 2241 253 2327 quod
274 2241 388 2306 saeculo
405 2253 476 2306 ante
488 2239 671 2306 Rullialdus
688 2241 845 2312 ediderat,
862 2241 1013 2305 omnibus
1028 2241 1092 2305 illis
1108 2241 1178 2308 Bul-

166 2353 255 2418 lialdi
279 2353 426 2418 editionis
450 2353 582 2418 titulum
603 2353 740 2418 latinum
766 2352 937 2440 applicuit,
962 2353 1178 2441 quiquidem

166 2465 254 2553 operi
266 2465 300 2530 in
311 2465 473 2532 codicibus
488 2466 586 2537 1816,
605 2465 703 2548 1817,
723 2466 818 2549 1819,
837 2466 935 2538 1820,
953 2465 1053 2538 2013,
1070 2471 1176 2540 coru,

167 2577 257 2650 2o28
274 2591 306 2643 et
324 2582 412 2651 2450
429 2589 554 2643 exarato
567 2579 712 2665 apprime
726 2579 883 2642 convenit.
898 2578 961 2644 Sed
974 2579 1071 2644 codex
1089 2581 1176 2644 1-818

164 2691 224 2756 sub
246 2690 307 2756 boc
328 2690 406 2755 falso
423 2691 516 2756 titulo
534 2691 674 2755 continet
690 2681 843 2756 mutilum
864 2691 966 2755 Procli
989 2713 1086 2780 opus,
1105 2693 1176 2778 jam

164 2802 291 2869 dudum
301 2803 439 2876 editum,¹
452 2802 501 2866 De
510 2800 648 2868 Platonis
661 2803 822 2890 deoiopio,
833 2813 864 2868 ct
873 2803 961 2868 idem
970 2825 1037 2870 esse
1050 2803 1176 2870 videtur
1225 2843 1228 2850 ·

164 2933 263 3002 quem
276 2913 457 2980 bernardus
471 2915 511 2981 de
524 2914 743 2988 Montiaucon,
758 2915 793 2979 in
807 2915 962 3004 Catalogis
973 2917 1176 2984 Bibliothecoe

165 3027 276 3113 regiae³
293 3039 325 3092 et
339 3025 540 3092 bibliothecae
556 3027 759 3092 Mazarineaet
774 3027 922 3093 codicum
940 3027 1036 3116 paulo
1057 3031 1175 3097 minori

167 3157 271 3204 errore
291 3139 521 3227 inscripserat:
546 3137 689 3212 Theonis,
719 3143 749 3203 in
771 3137 907 3206 Platonis
926 3141 1173 3229 philosophiam

167 3247 273 3315 Codex
283 3273 357 3318 vero
375 3251 459 3318 1821
475 3249 653 3339 ipsissimus
663 3261 710 3317 est
720 3251 825 3319 Caroli
838 3252 878 3320 de
890 3253 1051 3320 Montcbal
1064 3253 1175 3321 biblio-

205 3455 213 3484 ¹
233 3449 348 3525 uitrico.
362 3453 468 3520 biblioth.
481 3474 536 3510 mn.
551 3475 626 3518 noro,
636 3467 656 3510 t.
667 3456 705 3520 ΙΙ,
718 3475 746 3530 p.
757 3474 811 3528 729
821 3473 845 3512 n.

204 3547 222 3622 ’Ἴ
235 3545 264 3600 Τ.
278 3546 317 3608 ΙΙ,
330 3565 356 3620 p.
372 3547 462 3618 896».

166 3681 170 3690 ,
203 3641 213 3672 ³
232 3636 293 3694 [tiu
307 3649 325 3692 t.
339 3639 377 3702 ΙΙ,
391 3654 416 3714 p.
428 3641 482 3712 734
495 3660 520 3695 a.

202 3732 212 3764 ⁴
231 3730 294 3787 ibid.
308 3743 326 3786 t.
341 3733 380 3796 II,
395 3751 422 3808 p.
440 3736 508 3790 ιδῃ
524 3753 547 3790 c.

201 3831 209 3860 ⁵
230 3825 295 3882 Vide
305 3827 385 3900 hujus
397 3827 462 3882 Dies.
473 3841 539 3902 part.
552 3831 575 3891 Ι,
591 3847 613 3884 c.
629 3848 652 3892 1,
667 3827 717 3884 Sd.
