<?xml version="1.0" encoding="UTF-8"?>
<!DOCTYPE html PUBLIC "-//W3C//DTD XHTML 1.0 Transitional//EN"
    "http://www.w3.org/TR/xhtml1/DTD/xhtml1-transitional.dtd">
<html xmlns="http://www.w3.org/1999/xhtml" xml:lang="en" lang="en">
 <head>
  <title>
</title>
<meta http-equiv="Content-Type" content="text/html;charset=utf-8" />
  <meta name='ocr-system' content='tesseract 3.04.00' />
  <meta name='ocr-capabilities' content='ocr_page ocr_carea ocr_par ocr_line ocrx_word'/>
</head>
<body>
  <div class='ocr_page' id='page_1' title='image "./theonissmyrnaei00calcgoog_0398.png"; bbox 0 0 3016 4826; ppageno 0'>
   <div class='ocr_carea' id='block_1_1' title="bbox 242 419 1040 488">
    <p class='ocr_par' dir='ltr' id='par_1_1' title="bbox 242 419 1040 488">
     <span class='ocr_line' id='line_1_1' title="bbox 242 419 1040 488; baseline -0.005 0"><span class='ocrx_word' id='word_1_1' title='bbox 242 446 245 454; x_wconf 65' lang='lat'><strong><em>¹</em></strong></span> <span class='ocrx_word' id='word_1_2' title='bbox 317 425 378 488; x_wconf 66' lang='lat'><strong>384</strong></span> <span class='ocrx_word' id='word_1_3' title='bbox 604 419 731 484; x_wconf 83' lang='lat' dir='ltr'>NOTAE</span> <span class='ocrx_word' id='word_1_4' title='bbox 755 422 798 483; x_wconf 89' lang='lat' dir='ltr'><strong>IN</strong></span> <span class='ocrx_word' id='word_1_5' title='bbox 823 421 1040 484; x_wconf 83' lang='lat' dir='ltr'><strong>THEONEM</strong></span> 
     </span>
    </p>
   </div>
   <div class='ocr_carea' id='block_1_2' title="bbox 316 542 1330 1556">
    <p class='ocr_par' dir='ltr' id='par_1_2' title="bbox 316 542 1330 1556">
     <span class='ocr_line' id='line_1_2' title="bbox 316 542 1327 628; baseline -0.002 -20"><span class='ocrx_word' id='word_1_6' title='bbox 316 558 345 608; x_wconf 91' lang='lat' dir='ltr'><strong>et</strong></span> <span class='ocrx_word' id='word_1_7' title='bbox 352 544 473 612; x_wconf 88' lang='lat' dir='ltr'><strong>Theone</strong></span> <span class='ocrx_word' id='word_1_8' title='bbox 482 542 644 628; x_wconf 78' lang='lat' dir='ltr'><strong>Sruyrneo,</strong></span> <span class='ocrx_word' id='word_1_9' title='bbox 654 545 714 606; x_wconf 81' lang='lat' dir='ltr'><strong>sive</strong></span> <span class='ocrx_word' id='word_1_10' title='bbox 723 545 820 626; x_wconf 87' lang='lat' dir='ltr'><strong>potius</strong></span> <span class='ocrx_word' id='word_1_11' title='bbox 830 565 847 606; x_wconf 93' lang='lat' dir='ltr'><strong>e</strong></span> <span class='ocrx_word' id='word_1_12' title='bbox 856 545 1027 614; x_wconf 82' lang='lat' dir='ltr'><strong>Posidonio.</strong></span> <span class='ocrx_word' id='word_1_13' title='bbox 1038 544 1118 608; x_wconf 86' lang='lat' dir='ltr'><strong>unde</strong></span> <span class='ocrx_word' id='word_1_14' title='bbox 1124 547 1214 606; x_wconf 83' lang='lat' dir='ltr'><strong>etiem</strong></span> <span class='ocrx_word' id='word_1_15' title='bbox 1222 544 1327 606; x_wconf 75' lang='lat' dir='ltr'><strong>Adres-</strong></span> 
     </span>
     <span class='ocr_line' id='line_1_3' title="bbox 317 646 1328 730; baseline 0 -20"><span class='ocrx_word' id='word_1_16' title='bbox 317 663 363 710; x_wconf 87' lang='lat' dir='ltr'><strong>tus</strong></span> <span class='ocrx_word' id='word_1_17' title='bbox 378 660 408 710; x_wconf 89' lang='lat' dir='ltr'><strong>et</strong></span> <span class='ocrx_word' id='word_1_18' title='bbox 417 646 519 708; x_wconf 78' lang='lat' dir='ltr'><strong>&#39;l&#39;heon</strong></span> <span class='ocrx_word' id='word_1_19' title='bbox 533 646 705 716; x_wconf 74' lang='lat' dir='ltr'><strong>hauserant,</strong></span> <span class='ocrx_word' id='word_1_20' title='bbox 720 646 782 708; x_wconf 73' lang='lat' dir='ltr'><strong>berc</strong></span> <span class='ocrx_word' id='word_1_21' title='bbox 793 658 959 716; x_wconf 80' lang='lat' dir='ltr'><strong>mutuetur,</strong></span> <span class='ocrx_word' id='word_1_22' title='bbox 975 649 1016 710; x_wconf 84' lang='lat' dir='ltr'><strong>eit</strong></span> <span class='ocrx_word' id='word_1_23' title='bbox 1029 673 1036 707; x_wconf 87' lang='lat'>:</span> <span class='ocrx_word' id='word_1_24' title='bbox 1050 649 1136 710; x_wconf 80' lang='lat' dir='ltr'><strong>«Non</strong></span> <span class='ocrx_word' id='word_1_25' title='bbox 1151 669 1223 730; x_wconf 82' lang='lat' dir='ltr'><strong>ergo</strong></span> <span class='ocrx_word' id='word_1_26' title='bbox 1237 671 1253 708; x_wconf 84' lang='lat' dir='ltr'><strong>e</strong></span> <span class='ocrx_word' id='word_1_27' title='bbox 1268 669 1328 710; x_wconf 87' lang='lat' dir='ltr'><strong>me·</strong></span> 
     </span>
     <span class='ocr_line' id='line_1_4' title="bbox 317 743 1330 834; baseline 0.003 -26"><span class='ocrx_word' id='word_1_28' title='bbox 317 751 444 812; x_wconf 72' lang='lat' dir='ltr'><strong>«dietate</strong></span> <span class='ocrx_word' id='word_1_29' title='bbox 456 751 598 834; x_wconf 78' lang='lat' dir='ltr'><strong>corporis,</strong></span> <span class='ocrx_word' id='word_1_30' title='bbox 611 771 677 832; x_wconf 69' lang='lat' dir='ltr'><strong>quse</strong></span> <span class='ocrx_word' id='word_1_31' title='bbox 687 751 779 811; x_wconf 83' lang='lat' dir='ltr'><strong>Terre</strong></span> <span class='ocrx_word' id='word_1_32' title='bbox 790 761 847 820; x_wconf 83' lang='lat' dir='ltr'><strong>est,</strong></span> <span class='ocrx_word' id='word_1_33' title='bbox 861 751 912 812; x_wconf 90' lang='lat' dir='ltr'><strong>sed</strong></span> <span class='ocrx_word' id='word_1_34' title='bbox 923 772 940 812; x_wconf 81' lang='lat' dir='ltr'><strong>e</strong></span> <span class='ocrx_word' id='word_1_35' title='bbox 951 743 1071 833; x_wconf 72' lang='lat' dir='ltr'><strong>regione</strong></span> <span class='ocrx_word' id='word_1_36' title='bbox 1082 750 1229 820; x_wconf 79' lang='lat' dir='ltr'><strong>vitalium,</strong></span> <span class='ocrx_word' id='word_1_37' title='bbox 1243 751 1273 812; x_wconf 90' lang='lat' dir='ltr'><strong>id</strong></span> <span class='ocrx_word' id='word_1_38' title='bbox 1285 762 1330 812; x_wconf 89' lang='lat' dir='ltr'><strong>est</strong></span> 
     </span>
     <span class='ocr_line' id='line_1_5' title="bbox 317 851 1329 938; baseline 0.005 -28"><span class='ocrx_word' id='word_1_39' title='bbox 317 875 355 916; x_wconf 72' lang='lat' dir='ltr'><strong>«a</strong></span> <span class='ocrx_word' id='word_1_40' title='bbox 368 855 449 923; x_wconf 80' lang='lat' dir='ltr'><strong>Sole.</strong></span> <span class='ocrx_word' id='word_1_41' title='bbox 462 854 567 914; x_wconf 82' lang='lat' dir='ltr'><strong>enimae</strong></span> <span class='ocrx_word' id='word_1_42' title='bbox 577 855 708 935; x_wconf 79' lang='lat' dir='ltr'><strong>vigorem</strong></span> <span class='ocrx_word' id='word_1_43' title='bbox 723 851 850 914; x_wconf 81' lang='lat' dir='ltr'><strong>infusam</strong></span> <span class='ocrx_word' id='word_1_44' title='bbox 859 875 922 916; x_wconf 87' lang='lat' dir='ltr'><strong>esse</strong></span> <span class='ocrx_word' id='word_1_45' title='bbox 935 853 1088 916; x_wconf 82' lang='lat' dir='ltr'><strong>mendeno</strong></span> <span class='ocrx_word' id='word_1_46' title='bbox 1103 855 1219 938; x_wconf 83' lang='lat' dir='ltr'>corpori</span> <span class='ocrx_word' id='word_1_47' title='bbox 1230 855 1329 937; x_wconf 86' lang='lat' dir='ltr'><strong>potius</strong></span> 
     </span>
     <span class='ocr_line' id='line_1_6' title="bbox 318 954 1330 1040; baseline -0.002 -22"><span class='ocrx_word' id='word_1_48' title='bbox 318 956 562 1039; x_wconf 75' lang='lat' dir='ltr'><strong>«intelligendum</strong></span> <span class='ocrx_word' id='word_1_49' title='bbox 582 958 774 1039; x_wconf 82' lang='lat' dir='ltr'><strong>pronuntiant</strong></span> <span class='ocrx_word' id='word_1_50' title='bbox 790 981 795 1014; x_wconf 93' lang='lat'>:</span> <span class='ocrx_word' id='word_1_51' title='bbox 812 955 958 1040; x_wconf 77' lang='lat' dir='ltr'>siquidem</span> <span class='ocrx_word' id='word_1_52' title='bbox 974 957 1063 1018; x_wconf 82' lang='lat' dir='ltr'><strong>Terre</strong></span> <span class='ocrx_word' id='word_1_53' title='bbox 1081 955 1255 1025; x_wconf 85' lang='lat' dir='ltr'><strong>immobilis,</strong></span> <span class='ocrx_word' id='word_1_54' title='bbox 1278 954 1330 1016; x_wconf 89' lang='lat' dir='ltr'><strong>Sol</strong></span> 
     </span>
     <span class='ocr_line' id='line_1_7' title="bbox 318 1058 1328 1144; baseline -0.004 -21"><span class='ocrx_word' id='word_1_55' title='bbox 318 1082 407 1123; x_wconf 66' lang='lat' dir='ltr'><strong>*vero</strong></span> <span class='ocrx_word' id='word_1_56' title='bbox 419 1081 535 1144; x_wconf 82' lang='lat' dir='ltr'><strong>semper</strong></span> <span class='ocrx_word' id='word_1_57' title='bbox 546 1061 576 1122; x_wconf 90' lang='lat' dir='ltr'><strong>in</strong></span> <span class='ocrx_word' id='word_1_58' title='bbox 589 1071 685 1122; x_wconf 89' lang='lat' dir='ltr'><strong>motu.</strong></span> <span class='ocrx_word' id='word_1_59' title='bbox 699 1060 831 1143; x_wconf 77' lang='lat' dir='ltr'><strong>Itemque</strong></span> <span class='ocrx_word' id='word_1_60' title='bbox 842 1060 917 1122; x_wconf 87' lang='lat' dir='ltr'><strong>uteri</strong></span> <span class='ocrx_word' id='word_1_61' title='bbox 928 1058 1069 1128; x_wconf 78' lang='lat' dir='ltr'><strong>medietas</strong></span> <span class='ocrx_word' id='word_1_62' title='bbox 1079 1059 1252 1130; x_wconf 80' lang='lat' dir='ltr'><strong>immobilis.</strong></span> <span class='ocrx_word' id='word_1_63' title='bbox 1265 1081 1328 1120; x_wconf 88' lang='lat' dir='ltr'><strong>cor-</strong></span> 
     </span>
     <span class='ocr_line' id='line_1_8' title="bbox 317 1163 1329 1246; baseline -0.002 -22"><span class='ocrx_word' id='word_1_64' title='bbox 317 1163 382 1224; x_wconf 81' lang='lat' dir='ltr'><strong>«dis</strong></span> <span class='ocrx_word' id='word_1_65' title='bbox 397 1184 512 1246; x_wconf 84' lang='lat' dir='ltr'><strong>semper</strong></span> <span class='ocrx_word' id='word_1_66' title='bbox 527 1164 558 1224; x_wconf 89' lang='lat' dir='ltr'><strong>in</strong></span> <span class='ocrx_word' id='word_1_67' title='bbox 573 1174 670 1226; x_wconf 91' lang='lat' dir='ltr'><strong>motu.</strong></span> <span class='ocrx_word' id='word_1_68' title='bbox 684 1211 691 1224; x_wconf 86' lang='lat'><strong>.</strong></span> <span class='ocrx_word' id='word_1_69' title='bbox 706 1213 712 1226; x_wconf 93' lang='lat'>.</span> <span class='ocrx_word' id='word_1_70' title='bbox 728 1190 740 1220; x_wconf 78' lang='grc' dir='ltr'>ι</span> <span class='ocrx_word' id='word_1_71' title='bbox 754 1165 799 1225; x_wconf 88' lang='lat' dir='ltr'><strong>De</strong></span> <span class='ocrx_word' id='word_1_72' title='bbox 812 1163 868 1226; x_wconf 83' lang='lat' dir='ltr'><strong>hec</strong></span> <span class='ocrx_word' id='word_1_73' title='bbox 882 1165 1041 1226; x_wconf 79' lang='lat' dir='ltr'><strong>stoicorum</strong></span> <span class='ocrx_word' id='word_1_74' title='bbox 1056 1175 1086 1224; x_wconf 90' lang='lat' dir='ltr'><strong>et</strong></span> <span class='ocrx_word' id='word_1_75' title='bbox 1099 1164 1248 1225; x_wconf 84' lang='lat' dir='ltr'><strong>Posidonii</strong></span> <span class='ocrx_word' id='word_1_76' title='bbox 1260 1163 1329 1222; x_wconf 92' lang='lat' dir='ltr'><strong>doc·</strong></span> 
     </span>
     <span class='ocr_line' id='line_1_9' title="bbox 317 1265 1330 1352; baseline -0.003 -24"><span class='ocrx_word' id='word_1_77' title='bbox 317 1269 407 1338; x_wconf 80' lang='lat' dir='ltr'><strong>trine,</strong></span> <span class='ocrx_word' id='word_1_78' title='bbox 419 1269 473 1352; x_wconf 85' lang='lat' dir='ltr'><strong>qui</strong></span> <span class='ocrx_word' id='word_1_79' title='bbox 486 1279 582 1328; x_wconf 86' lang='lat' dir='ltr'><strong>temen</strong></span> <span class='ocrx_word' id='word_1_80' title='bbox 595 1266 693 1330; x_wconf 85' lang='lat' dir='ltr'><strong>Solem</strong></span> <span class='ocrx_word' id='word_1_81' title='bbox 704 1267 842 1330; x_wconf 82' lang='lat' dir='ltr'><strong>Mercurii</strong></span> <span class='ocrx_word' id='word_1_82' title='bbox 857 1280 887 1328; x_wconf 89' lang='lat' dir='ltr'><strong>et</strong></span> <span class='ocrx_word' id='word_1_83' title='bbox 899 1268 1019 1329; x_wconf 86' lang='lat' dir='ltr'><strong>Veneris</strong></span> <span class='ocrx_word' id='word_1_84' title='bbox 1031 1265 1201 1330; x_wconf 79' lang='lat' dir='ltr'><strong>circuitibus</strong></span> <span class='ocrx_word' id='word_1_85' title='bbox 1210 1287 1271 1326; x_wconf 88' lang='lat' dir='ltr'><strong>non</strong></span> <span class='ocrx_word' id='word_1_86' title='bbox 1283 1285 1330 1326; x_wconf 77' lang='lat' dir='ltr'><strong>oo</strong></span> 
     </span>
     <span class='ocr_line' id='line_1_10' title="bbox 317 1368 1329 1439; baseline 0.002 -9"><span class='ocrx_word' id='word_1_87' title='bbox 317 1372 428 1438; x_wconf 84' lang='lat' dir='ltr'><strong>reneri.</strong></span> <span class='ocrx_word' id='word_1_88' title='bbox 451 1369 503 1430; x_wconf 89' lang='lat' dir='ltr'><strong>sed</strong></span> <span class='ocrx_word' id='word_1_89' title='bbox 525 1370 648 1432; x_wconf 90' lang='lat' dir='ltr'><strong>circuitu</strong></span> <span class='ocrx_word' id='word_1_90' title='bbox 672 1390 726 1430; x_wconf 87' lang='lat' dir='ltr'><strong>suo</strong></span> <span class='ocrx_word' id='word_1_91' title='bbox 747 1370 887 1430; x_wconf 82' lang='lat' dir='ltr'><strong>circuitus</strong></span> <span class='ocrx_word' id='word_1_92' title='bbox 906 1368 971 1430; x_wconf 86' lang='lat' dir='ltr'><strong>illos</strong></span> <span class='ocrx_word' id='word_1_93' title='bbox 991 1368 1139 1432; x_wconf 84' lang='lat' dir='ltr'><strong>involvere</strong></span> <span class='ocrx_word' id='word_1_94' title='bbox 1157 1369 1329 1439; x_wconf 81' lang='lat' dir='ltr'><strong>credebaut.</strong></span> 
     </span>
     <span class='ocr_line' id='line_1_11' title="bbox 317 1471 1310 1556; baseline 0.002 -24"><span class='ocrx_word' id='word_1_95' title='bbox 317 1472 383 1534; x_wconf 85' lang='lat' dir='ltr'><strong>vide</strong></span> <span class='ocrx_word' id='word_1_96' title='bbox 397 1494 462 1555; x_wconf 78' lang='lat' dir='ltr'><strong>que</strong></span> <span class='ocrx_word' id='word_1_97' title='bbox 476 1472 603 1532; x_wconf 83' lang='lat' dir='ltr'><strong>diximus</strong></span> <span class='ocrx_word' id='word_1_98' title='bbox 617 1472 648 1532; x_wconf 91' lang='lat' dir='ltr'><strong>in</strong></span> <span class='ocrx_word' id='word_1_99' title='bbox 664 1471 735 1532; x_wconf 75' lang='lat' dir='ltr'><strong>Dirc.</strong></span> <span class='ocrx_word' id='word_1_100' title='bbox 750 1482 856 1533; x_wconf 80' lang='lat' dir='ltr'><strong>nostre</strong></span> <span class='ocrx_word' id='word_1_101' title='bbox 869 1482 943 1555; x_wconf 87' lang='lat' dir='ltr'><strong>pert.</strong></span> <span class='ocrx_word' id='word_1_102' title='bbox 959 1471 1000 1541; x_wconf 81' lang='lat'><strong>11.</strong></span> <span class='ocrx_word' id='word_1_103' title='bbox 1014 1493 1040 1532; x_wconf 90' lang='lat' dir='ltr'><strong>c.</strong></span> <span class='ocrx_word' id='word_1_104' title='bbox 1056 1493 1100 1542; x_wconf 81' lang='lat' dir='ltr'><strong>tv.</strong></span> <span class='ocrx_word' id='word_1_105' title='bbox 1116 1473 1190 1556; x_wconf 73' lang='lat'>819.</span> <span class='ocrx_word' id='word_1_106' title='bbox 1308 1539 1310 1544; x_wconf 63' lang='grc'>,</span> 
     </span>
    </p>
   </div>
   <div class='ocr_carea' id='block_1_3' title="bbox 600 1667 1048 1872">
    <p class='ocr_par' dir='ltr' id='par_1_3' title="bbox 600 1667 1048 1872">
     <span class='ocr_line' id='line_1_12' title="bbox 749 1667 894 1722; baseline -0.014 0"><span class='ocrx_word' id='word_1_107' title='bbox 749 1669 822 1722; x_wconf 71' lang='lat' dir='ltr'><strong>Nori</strong></span> <span class='ocrx_word' id='word_1_108' title='bbox 842 1667 894 1722; x_wconf 88' lang='lat' dir='ltr'><strong>NN.</strong></span> 
     </span>
     <span class='ocr_line' id='line_1_13' title="bbox 600 1797 1048 1872; baseline 0 -22"><span class='ocrx_word' id='word_1_109' title='bbox 600 1799 637 1852; x_wconf 80' lang='lat' dir='ltr'><strong>Ad</strong></span> <span class='ocrx_word' id='word_1_110' title='bbox 649 1817 672 1852; x_wconf 91' lang='lat' dir='ltr'><strong>c.</strong></span> <span class='ocrx_word' id='word_1_111' title='bbox 686 1815 778 1860; x_wconf 81' lang='lat' dir='ltr'><strong>xxxix,</strong></span> <span class='ocrx_word' id='word_1_112' title='bbox 793 1797 838 1852; x_wconf 77' lang='lat' dir='ltr'><strong>sol.</strong></span> <span class='ocrx_word' id='word_1_113' title='bbox 855 1800 888 1852; x_wconf 73' lang='lat'><strong>25</strong></span> <span class='ocrx_word' id='word_1_114' title='bbox 901 1817 931 1859; x_wconf 86' lang='lat' dir='ltr'><strong>e,</strong></span> <span class='ocrx_word' id='word_1_115' title='bbox 944 1817 970 1872; x_wconf 87' lang='lat' dir='ltr'><strong>p.</strong></span> <span class='ocrx_word' id='word_1_116' title='bbox 985 1800 1048 1854; x_wconf 78' lang='lat'>316.</span> 
     </span>
    </p>
   </div>
   <div class='ocr_carea' id='block_1_4' title="bbox 318 1982 1333 2584">
    <p class='ocr_par' dir='ltr' id='par_1_4' title="bbox 318 1982 1333 2584">
     <span class='ocr_line' id='line_1_14' title="bbox 368 1982 1332 2067; baseline -0.002 -19"><span class='ocrx_word' id='word_1_117' title='bbox 368 2033 500 2048; x_wconf 90' lang='grc'><strong>.......</strong></span> <span class='ocrx_word' id='word_1_118' title='bbox 511 1982 723 2066; x_wconf 64' lang='grc' dir='ltr'><strong>σρολαμέάνον</strong></span> <span class='ocrx_word' id='word_1_119' title='bbox 736 1983 769 2044; x_wconf 74' lang='grc' dir='ltr'><strong>δὲ</strong></span> <span class='ocrx_word' id='word_1_120' title='bbox 783 1988 818 2044; x_wconf 82' lang='grc' dir='ltr'><strong>τὸ</strong></span> <span class='ocrx_word' id='word_1_121' title='bbox 831 1982 995 2065; x_wconf 53' lang='lat' dir='ltr'><strong>pit-Sic</strong></span> <span class='ocrx_word' id='word_1_122' title='bbox 1009 1983 1171 2067; x_wconf 74' lang='lat' dir='ltr'><strong>degendum</strong></span> <span class='ocrx_word' id='word_1_123' title='bbox 1185 1997 1213 2046; x_wconf 87' lang='lat' dir='ltr'><strong>et</strong></span> <span class='ocrx_word' id='word_1_124' title='bbox 1227 1985 1332 2048; x_wconf 80' lang='lat' dir='ltr'><strong>intelli-</strong></span> 
     </span>
     <span class='ocr_line' id='line_1_15' title="bbox 319 2086 1332 2172; baseline 0 -22"><span class='ocrx_word' id='word_1_125' title='bbox 319 2088 448 2172; x_wconf 82' lang='lat' dir='ltr'><strong>gendum</strong></span> <span class='ocrx_word' id='word_1_126' title='bbox 462 2091 497 2148; x_wconf 83' lang='grc' dir='ltr'><strong>τὸ</strong></span> <span class='ocrx_word' id='word_1_127' title='bbox 511 2095 583 2164; x_wconf 74' lang='grc' dir='ltr'><strong>φῶς,</strong></span> <span class='ocrx_word' id='word_1_128' title='bbox 603 2088 738 2172; x_wconf 74' lang='lat' dir='ltr'><strong>Namque</strong></span> <span class='ocrx_word' id='word_1_129' title='bbox 755 2086 793 2168; x_wconf 62' lang='lat' dir='ltr'><strong>pt</strong></span> <span class='ocrx_word' id='word_1_130' title='bbox 810 2099 853 2150; x_wconf 88' lang='lat' dir='ltr'><strong>est</strong></span> <span class='ocrx_word' id='word_1_131' title='bbox 871 2109 977 2170; x_wconf 87' lang='lat' dir='ltr'><strong>corpus</strong></span> <span class='ocrx_word' id='word_1_132' title='bbox 998 2087 1083 2148; x_wconf 82' lang='lat' dir='ltr'><strong>lucem</strong></span> <span class='ocrx_word' id='word_1_133' title='bbox 1102 2089 1282 2171; x_wconf 79' lang='lat' dir='ltr'><strong>intercipiens,</strong></span> <span class='ocrx_word' id='word_1_134' title='bbox 1300 2089 1332 2150; x_wconf 91' lang='lat' dir='ltr'><strong>id</strong></span> 
     </span>
     <span class='ocr_line' id='line_1_16' title="bbox 319 2189 1333 2274; baseline 0 -20"><span class='ocrx_word' id='word_1_135' title='bbox 319 2203 362 2254; x_wconf 86' lang='lat' dir='ltr'><strong>est</strong></span> <span class='ocrx_word' id='word_1_136' title='bbox 382 2192 652 2273; x_wconf 81' lang='lat' dir='ltr'><strong>capiens&#39;auteqeam</strong></span> <span class='ocrx_word' id='word_1_137' title='bbox 674 2191 748 2252; x_wconf 76' lang='lat' dir='ltr'><strong>ultre</strong></span> <span class='ocrx_word' id='word_1_138' title='bbox 766 2191 913 2272; x_wconf 80' lang='lat' dir='ltr'><strong>perueniat.</strong></span> <span class='ocrx_word' id='word_1_139' title='bbox 936 2189 1026 2274; x_wconf 84' lang='lat' dir='ltr'><strong>Atqui</strong></span> <span class='ocrx_word' id='word_1_140' title='bbox 1045 2190 1268 2273; x_wconf 63' lang='grc' dir='ltr'><strong>προλαμέάνειν</strong></span> <span class='ocrx_word' id='word_1_141' title='bbox 1289 2205 1333 2254; x_wconf 91' lang='lat' dir='ltr'><strong>est</strong></span> 
     </span>
     <span class='ocr_line' id='line_1_17' title="bbox 318 2292 1332 2376; baseline 0.001 -21"><span class='ocrx_word' id='word_1_142' title='bbox 318 2306 480 2376; x_wconf 80' lang='lat' dir='ltr'><strong>antecapere.</strong></span> <span class='ocrx_word' id='word_1_143' title='bbox 496 2297 537 2354; x_wconf 83' lang='grc' dir='ltr'><strong>Τὸ</strong></span> <span class='ocrx_word' id='word_1_144' title='bbox 550 2292 761 2376; x_wconf 67' lang='grc' dir='ltr'>ωρολαμὲάνον</span> <span class='ocrx_word' id='word_1_145' title='bbox 774 2294 814 2354; x_wconf 80' lang='lat' dir='ltr'><strong>iu</strong></span> <span class='ocrx_word' id='word_1_146' title='bbox 828 2304 979 2376; x_wconf 77' lang='lat' dir='ltr'><strong>acceptum</strong></span> <span class='ocrx_word' id='word_1_147' title='bbox 994 2293 1100 2354; x_wconf 87' lang='lat' dir='ltr'><strong>vidisse</strong></span> <span class='ocrx_word' id='word_1_148' title='bbox 1114 2315 1174 2356; x_wconf 90' lang='lat' dir='ltr'><strong>non</strong></span> <span class='ocrx_word' id='word_1_149' title='bbox 1192 2293 1332 2376; x_wconf 87' lang='lat' dir='ltr'><strong>equidem</strong></span> 
     </span>
     <span class='ocr_line' id='line_1_18' title="bbox 319 2395 1332 2480; baseline 0 -20"><span class='ocrx_word' id='word_1_150' title='bbox 319 2397 472 2465; x_wconf 81' lang='lat' dir='ltr'><strong>record0r;</strong></span> <span class='ocrx_word' id='word_1_151' title='bbox 491 2397 542 2458; x_wconf 87' lang='lat' dir='ltr'><strong>sed</strong></span> <span class='ocrx_word' id='word_1_152' title='bbox 561 2396 643 2458; x_wconf 81' lang='lat' dir='ltr'><strong>focile</strong></span> <span class='ocrx_word' id='word_1_153' title='bbox 662 2397 844 2478; x_wconf 66' lang='lat' dir='ltr'><strong>inteliigitur.</strong></span> <span class='ocrx_word' id='word_1_154' title='bbox 865 2395 1109 2479; x_wconf 69' lang='grc' dir='ltr'><strong>Προσλαμὸάνον,</strong></span> <span class='ocrx_word' id='word_1_155' title='bbox 1130 2397 1210 2480; x_wconf 90' lang='lat' dir='ltr'><strong>quod</strong></span> <span class='ocrx_word' id='word_1_156' title='bbox 1231 2399 1262 2458; x_wconf 91' lang='lat' dir='ltr'><strong>in</strong></span> <span class='ocrx_word' id='word_1_157' title='bbox 1284 2418 1332 2460; x_wconf 84' lang='lat' dir='ltr'><strong>oo·</strong></span> 
     </span>
     <span class='ocr_line' id='line_1_19' title="bbox 319 2497 886 2584; baseline 0 -24"><span class='ocrx_word' id='word_1_158' title='bbox 319 2500 383 2562; x_wconf 90' lang='lat' dir='ltr'><strong>dice</strong></span> <span class='ocrx_word' id='word_1_159' title='bbox 396 2511 453 2569; x_wconf 87' lang='lat' dir='ltr'><strong>est.</strong></span> <span class='ocrx_word' id='word_1_160' title='bbox 470 2497 586 2560; x_wconf 89' lang='lat' dir='ltr'><strong>nullum</strong></span> <span class='ocrx_word' id='word_1_161' title='bbox 600 2499 744 2584; x_wconf 76' lang='lat' dir='ltr'><strong>preberet</strong></span> <span class='ocrx_word' id='word_1_162' title='bbox 757 2521 886 2561; x_wconf 88' lang='lat' dir='ltr'><strong>sensum.</strong></span> 
     </span>
    </p>
   </div>
   <div class='ocr_carea' id='block_1_5' title="bbox 751 2697 903 2752">
    <p class='ocr_par' dir='ltr' id='par_1_5' title="bbox 751 2697 903 2752">
     <span class='ocr_line' id='line_1_20' title="bbox 751 2697 903 2752; baseline -0.013 0"><span class='ocrx_word' id='word_1_163' title='bbox 751 2699 824 2752; x_wconf 73' lang='lat' dir='ltr'><strong>Nori</strong></span> <span class='ocrx_word' id='word_1_164' title='bbox 845 2697 903 2752; x_wconf 92' lang='lat'><strong>00.</strong></span> 
     </span>
    </p>
   </div>
   <div class='ocr_carea' id='block_1_6' title="bbox 593 2826 1050 2904">
    <p class='ocr_par' dir='ltr' id='par_1_6' title="bbox 593 2826 1050 2904">
     <span class='ocr_line' id='line_1_21' title="bbox 593 2826 1050 2904; baseline 0 -22"><span class='ocrx_word' id='word_1_165' title='bbox 593 2828 632 2882; x_wconf 82' lang='lat' dir='ltr'><strong>Ad</strong></span> <span class='ocrx_word' id='word_1_166' title='bbox 646 2847 668 2882; x_wconf 89' lang='lat' dir='ltr'><strong>c.</strong></span> <span class='ocrx_word' id='word_1_167' title='bbox 683 2826 774 2892; x_wconf 80' lang='lat' dir='ltr'><strong>mir,</strong></span> <span class='ocrx_word' id='word_1_168' title='bbox 790 2828 834 2883; x_wconf 85' lang='grc' dir='ltr'><strong>ΙόΙ.</strong></span> <span class='ocrx_word' id='word_1_169' title='bbox 851 2832 885 2884; x_wconf 77' lang='lat' dir='ltr'><strong>sti</strong></span> <span class='ocrx_word' id='word_1_170' title='bbox 898 2849 928 2892; x_wconf 87' lang='lat' dir='ltr'><strong>a,</strong></span> <span class='ocrx_word' id='word_1_171' title='bbox 941 2850 967 2904; x_wconf 91' lang='lat' dir='ltr'><strong>p.</strong></span> <span class='ocrx_word' id='word_1_172' title='bbox 987 2831 1050 2883; x_wconf 78' lang='lat'><strong>322.</strong></span> 
     </span>
    </p>
   </div>
   <div class='ocr_carea' id='block_1_7' title="bbox 320 3009 1334 3303">
    <p class='ocr_par' dir='ltr' id='par_1_7' title="bbox 320 3009 1334 3303">
     <span class='ocr_line' id='line_1_22' title="bbox 369 3009 1333 3106; baseline 0.001 -32"><span class='ocrx_word' id='word_1_173' title='bbox 369 3059 502 3077; x_wconf 91' lang='grc'>.......</span> <span class='ocrx_word' id='word_1_174' title='bbox 516 3009 540 3074; x_wconf 86' lang='lat' dir='ltr'>O</span> <span class='ocrx_word' id='word_1_175' title='bbox 561 3013 593 3074; x_wconf 80' lang='grc' dir='ltr'><strong>δὲ</strong></span> <span class='ocrx_word' id='word_1_176' title='bbox 614 3013 832 3106; x_wconf 59' lang='grc' dir='ltr'>Δερκυλλζδης).</span> <span class='ocrx_word' id='word_1_177' title='bbox 854 3052 895 3062; x_wconf 95' lang='grc'>-</span> <span class='ocrx_word' id='word_1_178' title='bbox 919 3017 968 3078; x_wconf 89' lang='lat' dir='ltr'><strong>Sic</strong></span> <span class='ocrx_word' id='word_1_179' title='bbox 990 3014 1167 3096; x_wconf 68' lang='lat' dir='ltr'><strong>legendum</strong></span> <span class='ocrx_word' id='word_1_180' title='bbox 1189 3036 1244 3076; x_wconf 84' lang='lat' dir='ltr'><strong>uec</strong></span> <span class='ocrx_word' id='word_1_181' title='bbox 1264 3037 1333 3075; x_wconf 87' lang='lat' dir='ltr'><strong>vero</strong></span> 
     </span>
     <span class='ocr_line' id='line_1_23' title="bbox 321 3114 1334 3201; baseline 0.002 -25"><span class='ocrx_word' id='word_1_182' title='bbox 321 3114 530 3200; x_wconf 70' lang='grc' dir='ltr'><strong>Δερὸυλλίδης,</strong></span> <span class='ocrx_word' id='word_1_183' title='bbox 556 3118 641 3177; x_wconf 90' lang='lat' dir='ltr'><strong>utin</strong></span> <span class='ocrx_word' id='word_1_184' title='bbox 663 3116 764 3179; x_wconf 89' lang='lat' dir='ltr'><strong>codice</strong></span> <span class='ocrx_word' id='word_1_185' title='bbox 783 3117 900 3201; x_wconf 83' lang='lat' dir='ltr'><strong>legitur.</strong></span> <span class='ocrx_word' id='word_1_186' title='bbox 923 3114 1120 3199; x_wconf 71' lang='grc' dir='ltr'><strong>Δερκυλλίδης</strong></span> <span class='ocrx_word' id='word_1_187' title='bbox 1141 3119 1222 3178; x_wconf 87' lang='lat' dir='ltr'><strong>enim</strong></span> <span class='ocrx_word' id='word_1_188' title='bbox 1239 3116 1334 3178; x_wconf 82' lang='lat' dir='ltr'><strong>Pleto-</strong></span> 
     </span>
     <span class='ocr_line' id='line_1_24' title="bbox 320 3219 1332 3303; baseline -0.001 -23"><span class='ocrx_word' id='word_1_189' title='bbox 320 3221 403 3280; x_wconf 91' lang='lat' dir='ltr'><strong>nicus</strong></span> <span class='ocrx_word' id='word_1_190' title='bbox 422 3220 464 3280; x_wconf 88' lang='lat' dir='ltr'><strong>sic</strong></span> <span class='ocrx_word' id='word_1_191' title='bbox 478 3219 647 3280; x_wconf 83' lang='lat' dir='ltr'><strong>nominetur</strong></span> <span class='ocrx_word' id='word_1_192' title='bbox 671 3219 792 3290; x_wconf 83' lang='lat' dir='ltr'><strong>Albino,</strong></span> <span class='ocrx_word' id='word_1_193' title='bbox 817 3221 921 3284; x_wconf 90' lang='lat' dir='ltr'><strong>Proclo</strong></span> <span class='ocrx_word' id='word_1_194' title='bbox 943 3232 972 3282; x_wconf 89' lang='lat' dir='ltr'><strong>et</strong></span> <span class='ocrx_word' id='word_1_195' title='bbox 995 3221 1154 3303; x_wconf 88' lang='lat' dir='ltr'><strong>Simplicio.</strong></span> <span class='ocrx_word' id='word_1_196' title='bbox 1171 3221 1246 3282; x_wconf 91' lang='lat' dir='ltr'><strong>Vide</strong></span> <span class='ocrx_word' id='word_1_197' title='bbox 1260 3221 1332 3280; x_wconf 75' lang='lat' dir='ltr'><strong>Dies.</strong></span> 
     </span>
    </p>
   </div>
   <div class='ocr_carea' id='block_1_8' title="bbox 156 3321 1331 3406">
    <p class='ocr_par' dir='ltr' id='par_1_8' title="bbox 156 3321 1331 3406">
     <span class='ocr_line' id='line_1_25' title="bbox 156 3321 1331 3406; baseline 0.002 -24"><span class='ocrx_word' id='word_1_198' title='bbox 156 3351 158 3358; x_wconf 94' lang='lat'>·</span> <span class='ocrx_word' id='word_1_199' title='bbox 195 3382 198 3395; x_wconf 76' lang='grc'><strong>,</strong></span> <span class='ocrx_word' id='word_1_200' title='bbox 319 3333 425 3384; x_wconf 75' lang='lat' dir='ltr'><strong>nostre</strong></span> <span class='ocrx_word' id='word_1_201' title='bbox 453 3333 526 3404; x_wconf 84' lang='lat' dir='ltr'><strong>part.</strong></span> <span class='ocrx_word' id='word_1_202' title='bbox 556 3322 597 3390; x_wconf 88' lang='lat' dir='ltr'><strong>ll,</strong></span> <span class='ocrx_word' id='word_1_203' title='bbox 624 3344 648 3382; x_wconf 88' lang='lat' dir='ltr'><strong>c.</strong></span> <span class='ocrx_word' id='word_1_204' title='bbox 676 3343 726 3391; x_wconf 84' lang='lat'><em>111,</em></span> <span class='ocrx_word' id='word_1_205' title='bbox 751 3324 764 3383; x_wconf 81' lang='lat' dir='ltr'>S</span> <span class='ocrx_word' id='word_1_206' title='bbox 793 3324 840 3385; x_wconf 79' lang='lat' dir='ltr'><strong>lt.</strong></span> <span class='ocrx_word' id='word_1_207' title='bbox 865 3325 909 3386; x_wconf 89' lang='lat' dir='ltr'><strong>De</strong></span> <span class='ocrx_word' id='word_1_208' title='bbox 940 3321 1119 3406; x_wconf 80' lang='lat' dir='ltr'><strong>Dercyllide‚</strong></span> <span class='ocrx_word' id='word_1_209' title='bbox 1143 3325 1202 3384; x_wconf 85' lang='lat' dir='ltr'><strong>sive</strong></span> <span class='ocrx_word' id='word_1_210' title='bbox 1227 3324 1331 3405; x_wconf 85' lang='lat' dir='ltr'><strong>Dercy-</strong></span> 
     </span>
    </p>
   </div>
   <div class='ocr_carea' id='block_1_9' title="bbox 293 3421 1334 3920">
    <p class='ocr_par' dir='ltr' id='par_1_9' title="bbox 293 3421 1334 3920">
     <span class='ocr_line' id='line_1_26' title="bbox 319 3421 1333 3509; baseline 0.001 -25"><span class='ocrx_word' id='word_1_211' title='bbox 319 3423 392 3492; x_wconf 84' lang='lat' dir='ltr'><strong>lide,</strong></span> <span class='ocrx_word' id='word_1_212' title='bbox 420 3421 707 3486; x_wconf 74' lang='lat' dir='ltr'><strong>Lacedaemoniorum</strong></span> <span class='ocrx_word' id='word_1_213' title='bbox 736 3425 824 3495; x_wconf 84' lang='lat' dir='ltr'><strong>duce,</strong></span> <span class='ocrx_word' id='word_1_214' title='bbox 855 3426 921 3488; x_wconf 90' lang='lat' dir='ltr'><strong>vide</strong></span> <span class='ocrx_word' id='word_1_215' title='bbox 950 3424 1192 3509; x_wconf 83' lang='lat' dir='ltr'><strong>Xenophontem,</strong></span> <span class='ocrx_word' id='word_1_216' title='bbox 1221 3425 1333 3488; x_wconf 78' lang='lat' dir='ltr'><strong>Hellen.</strong></span> 
     </span>
     <span class='ocr_line' id='line_1_27' title="bbox 319 3526 1332 3599; baseline 0.004 -13"><span class='ocrx_word' id='word_1_217' title='bbox 319 3527 371 3588; x_wconf 89' lang='lat' dir='ltr'><strong>lib.</strong></span> <span class='ocrx_word' id='word_1_218' title='bbox 386 3526 440 3594; x_wconf 85' lang='lat' dir='ltr'>Ill,</span> <span class='ocrx_word' id='word_1_219' title='bbox 460 3548 486 3586; x_wconf 90' lang='lat' dir='ltr'><strong>c.</strong></span> <span class='ocrx_word' id='word_1_220' title='bbox 508 3547 533 3595; x_wconf 83' lang='lat' dir='ltr'><strong>r,</strong></span> <span class='ocrx_word' id='word_1_221' title='bbox 553 3548 590 3596; x_wconf 82' lang='grc' dir='ltr'><strong>ιι,</strong></span> <span class='ocrx_word' id='word_1_222' title='bbox 611 3547 655 3598; x_wconf 89' lang='lat' dir='ltr'><strong>1v;</strong></span> <span class='ocrx_word' id='word_1_223' title='bbox 674 3528 725 3590; x_wconf 88' lang='lat' dir='ltr'><strong>lib.</strong></span> <span class='ocrx_word' id='word_1_224' title='bbox 746 3531 800 3599; x_wconf 85' lang='lat' dir='ltr'><strong>IV,</strong></span> <span class='ocrx_word' id='word_1_225' title='bbox 822 3554 846 3591; x_wconf 88' lang='lat' dir='ltr'><strong>c.</strong></span> <span class='ocrx_word' id='word_1_226' title='bbox 869 3551 921 3598; x_wconf 86' lang='lat'>111;</span> <span class='ocrx_word' id='word_1_227' title='bbox 939 3529 1104 3590; x_wconf 88' lang='lat' dir='ltr'><strong>Diodorum</strong></span> <span class='ocrx_word' id='word_1_228' title='bbox 1124 3529 1165 3599; x_wconf 76' lang='lat' dir='ltr'><strong>S..</strong></span> <span class='ocrx_word' id='word_1_229' title='bbox 1184 3529 1237 3590; x_wconf 81' lang='lat' dir='ltr'><strong>tib.</strong></span> <span class='ocrx_word' id='word_1_230' title='bbox 1258 3528 1332 3597; x_wconf 85' lang='lat' dir='ltr'>XIV,</span> 
     </span>
     <span class='ocr_line' id='line_1_28' title="bbox 293 3631 1333 3716; baseline 0.004 -28"><span class='ocrx_word' id='word_1_231' title='bbox 293 3664 298 3672; x_wconf 90' lang='lat'>·</span> <span class='ocrx_word' id='word_1_232' title='bbox 318 3652 343 3690; x_wconf 88' lang='lat' dir='ltr'><strong>c.</strong></span> <span class='ocrx_word' id='word_1_233' title='bbox 352 3647 463 3690; x_wconf 80' lang='lat' dir='ltr'><strong>xxxviii</strong></span> <span class='ocrx_word' id='word_1_234' title='bbox 473 3640 501 3689; x_wconf 90' lang='lat' dir='ltr'><strong>et</strong></span> <span class='ocrx_word' id='word_1_235' title='bbox 511 3649 611 3698; x_wconf 63' lang='grc' dir='ltr'><strong>ωας</strong></span> <span class='ocrx_word' id='word_1_236' title='bbox 623 3631 790 3715; x_wconf 83' lang='lat' dir='ltr'><strong>Ephorum,</strong></span> <span class='ocrx_word' id='word_1_237' title='bbox 807 3633 886 3716; x_wconf 87' lang='lat' dir='ltr'><strong>apud</strong></span> <span class='ocrx_word' id='word_1_238' title='bbox 897 3632 1084 3701; x_wconf 69' lang='lat' dir='ltr'><strong>rithmum,</strong></span> <span class='ocrx_word' id='word_1_239' title='bbox 1099 3633 1153 3694; x_wconf 90' lang='lat' dir='ltr'><strong>lib.</strong></span> <span class='ocrx_word' id='word_1_240' title='bbox 1164 3633 1219 3699; x_wconf 89' lang='lat' dir='ltr'><strong>XI,</strong></span> <span class='ocrx_word' id='word_1_241' title='bbox 1230 3654 1256 3692; x_wconf 87' lang='lat' dir='ltr'><strong>c.</strong></span> <span class='ocrx_word' id='word_1_242' title='bbox 1269 3650 1333 3699; x_wconf 78' lang='lat' dir='ltr'><strong>xiv.</strong></span> 
     </span>
     <span class='ocr_line' id='line_1_29' title="bbox 321 3734 1323 3818; baseline 0.004 -26"><span class='ocrx_word' id='word_1_243' title='bbox 321 3745 389 3792; x_wconf 83' lang='lat' dir='ltr'><strong>sect.</strong></span> <span class='ocrx_word' id='word_1_244' title='bbox 415 3751 482 3800; x_wconf 81' lang='lat' dir='ltr'><strong>ror,</strong></span> <span class='ocrx_word' id='word_1_245' title='bbox 503 3755 531 3814; x_wconf 91' lang='lat' dir='ltr'><strong>p.</strong></span> <span class='ocrx_word' id='word_1_246' title='bbox 554 3734 614 3795; x_wconf 88' lang='lat'><strong>500</strong></span> <span class='ocrx_word' id='word_1_247' title='bbox 635 3736 805 3802; x_wconf 79' lang='lat' dir='ltr'><strong>bCasaub.;</strong></span> <span class='ocrx_word' id='word_1_248' title='bbox 826 3748 855 3796; x_wconf 91' lang='lat' dir='ltr'><strong>et</strong></span> <span class='ocrx_word' id='word_1_249' title='bbox 875 3736 1076 3804; x_wconf 83' lang='lat' dir='ltr'><strong>Eustethium,</strong></span> <span class='ocrx_word' id='word_1_250' title='bbox 1097 3735 1134 3796; x_wconf 84' lang='lat' dir='ltr'><strong>ed</strong></span> <span class='ocrx_word' id='word_1_251' title='bbox 1153 3734 1250 3818; x_wconf 80' lang='lat' dir='ltr'><strong>Odyse.</strong></span> <span class='ocrx_word' id='word_1_252' title='bbox 1271 3735 1323 3796; x_wconf 89' lang='lat' dir='ltr'><strong>XV</strong></span> 
     </span>
     <span class='ocr_line' id='line_1_30' title="bbox 320 3834 1334 3920; baseline 0.006 -26"><span class='ocrx_word' id='word_1_253' title='bbox 320 3859 346 3894; x_wconf 87' lang='lat' dir='ltr'><strong>v.</strong></span> <span class='ocrx_word' id='word_1_254' title='bbox 371 3834 424 3902; x_wconf 83' lang='lat'><strong>85,</strong></span> <span class='ocrx_word' id='word_1_255' title='bbox 447 3857 475 3917; x_wconf 90' lang='lat' dir='ltr'><strong>p.</strong></span> <span class='ocrx_word' id='word_1_256' title='bbox 496 3838 587 3918; x_wconf 82' lang='lat'>1775,</span> <span class='ocrx_word' id='word_1_257' title='bbox 610 3837 629 3898; x_wconf 93' lang='lat' dir='ltr'><strong>l.</strong></span> <span class='ocrx_word' id='word_1_258' title='bbox 655 3841 693 3900; x_wconf 80' lang='lat'><strong>33</strong></span> <span class='ocrx_word' id='word_1_259' title='bbox 714 3852 742 3899; x_wconf 88' lang='lat' dir='ltr'><strong>et</strong></span> <span class='ocrx_word' id='word_1_260' title='bbox 765 3862 826 3920; x_wconf 93' lang='lat' dir='ltr'><strong>sqq.</strong></span> <span class='ocrx_word' id='word_1_261' title='bbox 849 3840 894 3900; x_wconf 89' lang='lat' dir='ltr'><strong>ed.</strong></span> <span class='ocrx_word' id='word_1_262' title='bbox 916 3840 999 3900; x_wconf 87' lang='lat' dir='ltr'><strong>Rom.</strong></span> <span class='ocrx_word' id='word_1_263' title='bbox 1021 3841 1088 3900; x_wconf 86' lang='lat' dir='ltr'><strong>Fuit</strong></span> <span class='ocrx_word' id='word_1_264' title='bbox 1107 3851 1135 3898; x_wconf 86' lang='lat' dir='ltr'><strong>et</strong></span> <span class='ocrx_word' id='word_1_265' title='bbox 1154 3835 1334 3919; x_wconf 82' lang='lat' dir='ltr'><strong>Dercyllides</strong></span> 
     </span>
    </p>
   </div>
   <div class='ocr_carea' id='block_1_10' title="bbox 0 0 1516 4826">
    <p class='ocr_par' dir='ltr' id='par_1_10' title="bbox 0 0 1516 4826">
     <span class='ocr_line' id='line_1_31' title="bbox 0 0 1516 4826; baseline 0 0"><span class='ocrx_word' id='word_1_266' title='bbox 0 0 1516 4826; x_wconf 95' lang='lat' dir='ltr'><strong> </strong></span> 
     </span>
    </p>
   </div>
  </div>
 </body>
</html>
