2992 4822
491 437 548 500 DE
571 433 866 497 ASTRONOMIA.
1146 435 1185 497 57

175 563 269 632 idest
280 559 517 634 sinuosaliuea‚
531 559 661 648 qualem
674 559 750 648 equi
762 559 947 626 describunt
959 558 999 624 ad
1013 569 1188 648 utrumque

174 671 1023 762 rectaeriaemarginemdiscurrendo¹3eclipticomenim
1030 672 1188 740 circulum

174 788 382 854 erraticas-um
399 787 565 853 stellarum
578 807 782 874 unaquaeque
793 785 842 850 bis
854 797 980 852 tuntum
993 786 1028 850 in
1039 786 1189 874 periodiro

175 901 310 967 circuitu
331 900 517 989 pertransit.
537 921 601 965 non
619 919 694 964 vero
711 909 824 986 quater
843 897 878 962 in
902 897 1056 984 synodico,
1074 897 1132 985 qui
1154 897 1188 962 in

174 1013 328 1096 Saturno,
345 994 422 1079 Jove
444 1025 476 1078 et
497 1012 598 1078 Marte
618 1009 767 1098 periodico
784 1008 919 1074 circuitu
941 1009 1045 1075 multo
1063 1009 1191 1076 brevior
1215 1011 1218 1020 “

175 1137 231 1194 est.
244 1127 281 1192 ln
295 1125 352 1191 illo
363 1137 472 1190 tamen
486 1145 592 1189 errore
605 1123 771 1212 Callippus
784 1121 1029 1209 Aristotelesque
1041 1143 1189 1209 perman-

173 1250 295 1304 serunt.
306 1238 357 1302 De
369 1257 430 1301 usu
443 1235 641 1324 sphaerarum
658 1257 677 1300 a
689 1233 836 1322 Collippo
848 1233 1045 1307 additarum,
1059 1245 1096 1298 ut
1108 1231 1191 1300 Aris

175 1349 301 1423 toteles,
319 1348 365 1413 sic
377 1347 473 1414 etiam
484 1347 598 1414 Theon
610 1345 691 1413 silet.
706 1344 837 1412 Additus
850 1358 958 1414 autem
971 1346 1011 1411 ab
1024 1345 1191 1413 Aristotele

176 1467 397 1533 ἀνελκῦούσαε,
420 1459 454 1525 id
481 1459 586 1525 estin
611 1459 802 1525 contrariam
827 1470 953 1547 partem
979 1459 1188 1532 revolventes.

174 1572 313 1660 sphaeras
329 1571 458 1645 Theon,
476 1583 549 1660 post
565 1568 752 1645 Adrastum,
771 1583 808 1636 ut
820 1569 957 1646 videtur,
971 1571 1107 1639 credidit
1118 1571 1191 1643 den-

173 1695 237 1748 tata
253 1683 403 1771 quaedam
423 1681 522 1750 fuisse
544 1695 712 1774 tympana,
731 1683 815 1750 inter
831 1683 1030 1772 sphaerarum
1047 1683 1190 1750 dentstas

172 1795 357 1884 superficies
373 1795 560 1885 interposita
578 1821 586 1860 s
605 1797 694 1888 quod
711 1797 751 1870 ab
769 1795 945 1862 Aristotelis
962 1809 1090 1872 mente.
1114 1819 1191 1884 qua·

172 1908 238 1974 lem
254 1919 339 1974 recte
361 1909 515 1998 explicuit
531 1907 745 1998 Simplicius2,
764 1909 997 1976 alienissimum
1015 1922 1075 1976 est..
1089 1909 1131 1974 Ut
1146 1933 1191 1976 ce

98 2095 101 2100 ,
172 2033 262 2095 terae,
272 2021 321 2086 sic
333 2021 430 2087 etiam
442 2027 659 2097 castrassem,
678 2022 885 2090 concenuioae
902 2021 1043 2088 luerunt.
1058 2021 1191 2092 Eudoxo

174 2145 206 2198 et
222 2132 369 2222 Collippo
392 2134 555 2223 placuerat
578 2147 615 2201 ut
631 2134 702 2209 Sol,
720 2136 812 2201 Luna
833 2145 865 2200 et
882 2129 1028 2222 quinque
1049 2147 1191 2202 errantes

174 2245 273 2310 stellae
295 2267 368 2312 suas
389 2247 544 2314 haberent
565 2248 719 2336 sphaeras,
743 2271 803 2314 nec
828 2247 868 2314 ab
896 2247 1033 2314 aliorum
1058 2247 1191 2336 sphaeris

36 2339 42 2350 ’
75 2445 77 2450 Α
175 2355 434 2448 unumquodque
459 2381 575 2449 corpus
601 2359 782 2448 quidquam
807 2373 979 2449 pateretur.
1008 2357 1191 2428 Aristoteles

174 2481 284 2537 contra
300 2472 402 2538 voluit
412 2473 589 2539 involutam
602 2495 868 2562 unamquamque
884 2473 1059 2561 spheram,
1077 2485 1192 2563 praeter

172 2585 342 2674 proprium
354 2587 415 2652 sihi
429 2599 572 2659 motum,
587 2587 819 2655 involventium
831 2587 980 2654 omnium
991 2587 1191 2676 sphaerarum

171 2711 322 2766 motuum
340 2723 407 2767 esse
429 2699 629 2789 participem.
648 2699 799 2789 Oportuit
820 2721 909 2787 ergo,
933 2711 1063 2788 excepta
1079 2701 1190 2777 Luna,

172 2825 252 2900 quot
268 2824 343 2878 sunt
364 2812 497 2902 sphaerae
515 2835 655 2900 quarum
672 2825 778 2879 motus
796 2813 853 2878 uni
871 2825 999 2878 tantum
1018 2823 1102 2879 astro
1123 2835 1191 2902 pro

77 3007 80 3015 ¹
171 2925 262 3012 prius
278 2924 415 3000 videtur,
429 2923 564 2994 totidem
576 2947 643 2991 esse
655 2925 794 3014 sphaeras
807 2924 1037 2998 concentricas‚
1051 2947 1191 3013 quarum

173 3059 326 3127 quasque,
352 3038 471 3108 minori
493 3037 599 3112 radio,
622 3037 746 3104 circum
768 3037 921 3104 eumdem
943 3061 1050 3112 axem,
1076 3039 1190 3105 eodem

173 3149 305 3216 omnino
322 3162 466 3240 tempore
483 3163 580 3240 atque
597 3152 800 3242 superiorum
822 3174 901 3226 una,
920 3151 976 3220 sed
998 3151 1190 3218 contrmiam

173 3258 208 3324 in
225 3272 351 3347 partem
368 3285 436 3330 sese
454 3275 656 3338 convertens,
674 3263 761 3330 illius
777 3277 903 3331 motum
919 3265 979 3331 sibi
997 3263 1058 3354 ipsi
1076 3277 1108 3331 et
1124 3286 1189 3331 om-

213 3467 221 3498 ¹
242 3465 507 3525 Similem'ainuosam
519 3470 617 3525 lineam
627 3481 701 3526 vocat
712 3473 804 3528 Noster
821 3469 929 3543 (Astron.
941 3489 964 3525 c.
976 3487 1036 3535 xus,
1052 3470 1098 3525 sot.
1114 3491 1148 3544 ²7
1160 3470 1187 3544 a)

172 3563 261 3632 inexp
274 3564 463 3636 depositarius.
484 3563 550 3619 Vide
568 3563 771 3639 descriptionem
788 3565 974 3638 geometricam
990 3583 1048 3623 xvn
1065 3575 1092 3621 et
1108 3565 1189 3640 hujus

171 3651 238 3708 Diss.
251 3664 318 3729 purt.
336 3655 375 3719 11,
391 3675 415 3712 c.
428 3675 469 3722 lv,
481 3654 494 3712 S
506 3657 552 3711 27.
566 3657 706 3714 sinuosum
721 3659 801 3715 etism
818 3659 916 3715 lineam
933 3670 1007 3715 voest
1023 3660 1132 3716 Proclus
1149 3657 1187 3732 (in

173 3745 312 3812 Euclidem,
324 3747 364 3813 Il,
378 3767 405 3824 p.
419 3751 468 3826 31)
483 3749 633 3814 inordina.

209 3842 221 3874 ³
240 3841 278 3894 De
287 3841 359 3907 colo,
372 3844 411 3908 ll,
425 3843 531 3899 sol-sss
549 3845 606 3902 Ald.
619 3847 657 3920 (p.
674 3850 728 3903 500
739 3857 765 3900 et
777 3865 833 3922 sqq.
843 3847 998 3919 Brandisii).
