<?xml version="1.0" encoding="UTF-8"?>
<!DOCTYPE html PUBLIC "-//W3C//DTD XHTML 1.0 Transitional//EN"
    "http://www.w3.org/TR/xhtml1/DTD/xhtml1-transitional.dtd">
<html xmlns="http://www.w3.org/1999/xhtml" xml:lang="en" lang="en">
 <head>
  <title>
</title>
<meta http-equiv="Content-Type" content="text/html;charset=utf-8" />
  <meta name='ocr-system' content='tesseract 3.04.00' />
  <meta name='ocr-capabilities' content='ocr_page ocr_carea ocr_par ocr_line ocrx_word'/>
</head>
<body>
  <div class='ocr_page' id='page_1' title='image "./theonissmyrnaei00calcgoog_0377.png"; bbox 0 0 3016 4826; ppageno 0'>
   <div class='ocr_carea' id='block_1_1' title="bbox 175 431 1189 640">
    <p class='ocr_par' dir='ltr' id='par_1_1' title="bbox 175 431 1189 640">
     <span class='ocr_line' id='line_1_1' title="bbox 490 431 1188 496; baseline 0.003 -2"><span class='ocrx_word' id='word_1_1' title='bbox 490 434 545 494; x_wconf 86' lang='lat' dir='ltr'><strong>DE</strong></span> <span class='ocrx_word' id='word_1_2' title='bbox 574 431 870 495; x_wconf 78' lang='lat' dir='ltr'>ASTRONOMIA.</span> <span class='ocrx_word' id='word_1_3' title='bbox 1127 436 1188 496; x_wconf 78' lang='lat'><strong>363</strong></span> 
     </span>
     <span class='ocr_line' id='line_1_2' title="bbox 175 553 1189 640; baseline -0.004 -19"><span class='ocrx_word' id='word_1_4' title='bbox 175 560 318 622; x_wconf 78' lang='lat' dir='ltr'><strong>columne</strong></span> <span class='ocrx_word' id='word_1_5' title='bbox 338 568 368 618; x_wconf 93' lang='lat' dir='ltr'><strong>et</strong></span> <span class='ocrx_word' id='word_1_6' title='bbox 386 557 543 618; x_wconf 78' lang='lat' dir='ltr'><strong>mundone</strong></span> <span class='ocrx_word' id='word_1_7' title='bbox 563 555 651 616; x_wconf 86' lang='lat' dir='ltr'><strong>simul</strong></span> <span class='ocrx_word' id='word_1_8' title='bbox 670 553 789 638; x_wconf 71' lang='lat' dir='ltr'><strong>sphera</strong></span> <span class='ocrx_word' id='word_1_9' title='bbox 807 575 889 616; x_wconf 72' lang='lat' dir='ltr'><strong>mem</strong></span> <span class='ocrx_word' id='word_1_10' title='bbox 909 575 960 636; x_wconf 85' lang='lat' dir='ltr'><strong>per</strong></span> <span class='ocrx_word' id='word_1_11' title='bbox 980 555 1064 640; x_wconf 83' lang='lat' dir='ltr'><strong>polos</strong></span> <span class='ocrx_word' id='word_1_12' title='bbox 1083 555 1189 618; x_wconf 85' lang='lat' dir='ltr'><strong>mundi</strong></span> 
     </span>
    </p>
   </div>
   <div class='ocr_carea' id='block_1_2' title="bbox 141 657 1191 3930">
    <p class='ocr_par' dir='ltr' id='par_1_2' title="bbox 141 657 1190 2386">
     <span class='ocr_line' id='line_1_3' title="bbox 174 657 1188 741; baseline -0.004 -19"><span class='ocrx_word' id='word_1_13' title='bbox 174 671 384 722; x_wconf 76' lang='lat' dir='ltr'><strong>transeuntem.</strong></span> <span class='ocrx_word' id='word_1_14' title='bbox 405 657 575 741; x_wconf 73' lang='lat' dir='ltr'><strong>spondylus</strong></span> <span class='ocrx_word' id='word_1_15' title='bbox 593 659 721 741; x_wconf 86' lang='lat' dir='ltr'><strong>primus,</strong></span> <span class='ocrx_word' id='word_1_16' title='bbox 744 658 823 720; x_wconf 82' lang='lat' dir='ltr'><strong>vario</strong></span> <span class='ocrx_word' id='word_1_17' title='bbox 847 657 958 726; x_wconf 91' lang='lat' dir='ltr'><strong>oolore,</strong></span> <span class='ocrx_word' id='word_1_18' title='bbox 980 669 1090 720; x_wconf 80' lang='lat' dir='ltr'><strong>eeteros</strong></span> <span class='ocrx_word' id='word_1_19' title='bbox 1110 679 1188 719; x_wconf 87' lang='lat' dir='ltr'><strong>eom·</strong></span> 
     </span>
     <span class='ocr_line' id='line_1_4' title="bbox 174 759 1188 846; baseline -0.002 -24"><span class='ocrx_word' id='word_1_20' title='bbox 174 763 322 846; x_wconf 81' lang='lat' dir='ltr'><strong>plectens,</strong></span> <span class='ocrx_word' id='word_1_21' title='bbox 338 773 382 824; x_wconf 86' lang='lat' dir='ltr'><strong>est</strong></span> <span class='ocrx_word' id='word_1_22' title='bbox 397 771 456 822; x_wconf 85' lang='lat' dir='ltr'><strong>tota</strong></span> <span class='ocrx_word' id='word_1_23' title='bbox 470 761 665 822; x_wconf 81' lang='lat' dir='ltr'><strong>inerrantium</strong></span> <span class='ocrx_word' id='word_1_24' title='bbox 681 760 831 822; x_wconf 76' lang='lat' dir='ltr'><strong>stellarum</strong></span> <span class='ocrx_word' id='word_1_25' title='bbox 847 759 974 842; x_wconf 77' lang='lat' dir='ltr'><strong>sphaera,</strong></span> <span class='ocrx_word' id='word_1_26' title='bbox 990 761 1022 820; x_wconf 94' lang='lat' dir='ltr'><strong>in</strong></span> <span class='ocrx_word' id='word_1_27' title='bbox 1037 771 1128 822; x_wconf 82' lang='lat' dir='ltr'><strong>tonm</strong></span> <span class='ocrx_word' id='word_1_28' title='bbox 1147 759 1188 820; x_wconf 83' lang='lat' dir='ltr'><strong>la·</strong></span> 
     </span>
     <span class='ocr_line' id='line_1_5' title="bbox 176 862 1189 946; baseline -0.001 -20"><span class='ocrx_word' id='word_1_29' title='bbox 176 864 330 926; x_wconf 84' lang='lat' dir='ltr'><strong>titudinem</strong></span> <span class='ocrx_word' id='word_1_30' title='bbox 349 887 366 924; x_wconf 89' lang='lat' dir='ltr'><strong>a</strong></span> <span class='ocrx_word' id='word_1_31' title='bbox 385 865 453 946; x_wconf 92' lang='lat' dir='ltr'><strong>polo</strong></span> <span class='ocrx_word' id='word_1_32' title='bbox 472 883 533 924; x_wconf 87' lang='lat' dir='ltr'><strong>uno</strong></span> <span class='ocrx_word' id='word_1_33' title='bbox 547 862 584 924; x_wconf 83' lang='lat' dir='ltr'><strong>ad</strong></span> <span class='ocrx_word' id='word_1_34' title='bbox 599 863 727 924; x_wconf 79' lang='lat' dir='ltr'><strong>alterum</strong></span> <span class='ocrx_word' id='word_1_35' title='bbox 747 863 917 945; x_wconf 79' lang='lat' dir='ltr'><strong>pertingens</strong></span> <span class='ocrx_word' id='word_1_36' title='bbox 936 873 965 922; x_wconf 89' lang='lat' dir='ltr'><strong>et</strong></span> <span class='ocrx_word' id='word_1_37' title='bbox 983 862 1103 924; x_wconf 74' lang='lat' dir='ltr'><strong>dirersis</strong></span> <span class='ocrx_word' id='word_1_38' title='bbox 1123 863 1189 926; x_wconf 77' lang='lat' dir='ltr'><strong>etel-</strong></span> 
     </span>
     <span class='ocr_line' id='line_1_6' title="bbox 175 965 1190 1050; baseline 0 -22"><span class='ocrx_word' id='word_1_39' title='bbox 175 969 271 1028; x_wconf 85' lang='lat' dir='ltr'><strong>larnm</strong></span> <span class='ocrx_word' id='word_1_40' title='bbox 299 965 445 1028; x_wconf 80' lang='lat' dir='ltr'><strong>coloribus</strong></span> <span class='ocrx_word' id='word_1_41' title='bbox 470 965 615 1027; x_wconf 84' lang='lat' dir='ltr'><strong>distincta.</strong></span> <span class='ocrx_word' id='word_1_42' title='bbox 635 965 757 1048; x_wconf 81' lang='lat' dir='ltr'><strong>Septem</strong></span> <span class='ocrx_word' id='word_1_43' title='bbox 778 965 931 1026; x_wconf 85' lang='lat' dir='ltr'><strong>interiores</strong></span> <span class='ocrx_word' id='word_1_44' title='bbox 959 965 1094 1050; x_wconf 77' lang='lat' dir='ltr'><strong>spondyli</strong></span> <span class='ocrx_word' id='word_1_45' title='bbox 1120 978 1190 1028; x_wconf 87' lang='lat' dir='ltr'><strong>snut</strong></span> 
     </span>
     <span class='ocr_line' id='line_1_7' title="bbox 175 1069 1189 1156; baseline 0.002 -24"><span class='ocrx_word' id='word_1_46' title='bbox 175 1071 360 1156; x_wconf 77' lang='lat' dir='ltr'><strong>singularum</strong></span> <span class='ocrx_word' id='word_1_47' title='bbox 368 1070 648 1155; x_wconf 84' lang='lat' dir='ltr'><strong>septemerrantinm</strong></span> <span class='ocrx_word' id='word_1_48' title='bbox 658 1079 804 1130; x_wconf 84' lang='lat' dir='ltr'><strong>astrorum</strong></span> <span class='ocrx_word' id='word_1_49' title='bbox 813 1069 993 1152; x_wconf 76' lang='lat' dir='ltr'><strong>sphaerarom</strong></span> <span class='ocrx_word' id='word_1_50' title='bbox 1004 1081 1100 1152; x_wconf 87' lang='lat' dir='ltr'><strong>partes</strong></span> <span class='ocrx_word' id='word_1_51' title='bbox 1110 1071 1189 1134; x_wconf 77' lang='lat' dir='ltr'><strong>inme</strong></span> 
     </span>
     <span class='ocr_line' id='line_1_8' title="bbox 176 1171 1189 1256; baseline -0.002 -22"><span class='ocrx_word' id='word_1_52' title='bbox 176 1195 251 1235; x_wconf 76' lang='lat' dir='ltr'><strong>eone</strong></span> <span class='ocrx_word' id='word_1_53' title='bbox 262 1185 291 1236; x_wconf 82' lang='lat' dir='ltr'><strong>et</strong></span> <span class='ocrx_word' id='word_1_54' title='bbox 299 1173 416 1236; x_wconf 77' lang='lat' dir='ltr'><strong>circulis</strong></span> <span class='ocrx_word' id='word_1_55' title='bbox 425 1172 622 1256; x_wconf 75' lang='lat' dir='ltr'><strong>aequinoctiali</strong></span> <span class='ocrx_word' id='word_1_56' title='bbox 632 1171 779 1256; x_wconf 68' lang='lat' dir='ltr'>parallelis</span> <span class='ocrx_word' id='word_1_57' title='bbox 786 1171 1017 1254; x_wconf 82' lang='lat' dir='ltr'><strong>eomprehensre,</strong></span> <span class='ocrx_word' id='word_1_58' title='bbox 1032 1173 1106 1232; x_wconf 85' lang='lat' dir='ltr'><strong>intra</strong></span> <span class='ocrx_word' id='word_1_59' title='bbox 1117 1191 1189 1254; x_wconf 81' lang='lat' dir='ltr'><strong>quas</strong></span> 
     </span>
     <span class='ocr_line' id='line_1_9' title="bbox 177 1272 1190 1360; baseline -0.002 -22"><span class='ocrx_word' id='word_1_60' title='bbox 177 1276 292 1360; x_wconf 79' lang='lat' dir='ltr'><strong>singola</strong></span> <span class='ocrx_word' id='word_1_61' title='bbox 313 1287 388 1338; x_wconf 81' lang='lat' dir='ltr'><strong>nstra</strong></span> <span class='ocrx_word' id='word_1_62' title='bbox 406 1276 533 1337; x_wconf 72' lang='lat' dir='ltr'><strong>manda</strong></span> <span class='ocrx_word' id='word_1_63' title='bbox 551 1274 671 1358; x_wconf 87' lang='lat' dir='ltr'><strong>oblique</strong></span> <span class='ocrx_word' id='word_1_64' title='bbox 688 1285 852 1336; x_wconf 79' lang='lat' dir='ltr'><strong>moventur.</strong></span> <span class='ocrx_word' id='word_1_65' title='bbox 877 1272 1095 1358; x_wconf 72' lang='lat' dir='ltr'><strong>spondyloron</strong></span> <span class='ocrx_word' id='word_1_66' title='bbox 1113 1273 1190 1336; x_wconf 74' lang='lat' dir='ltr'><strong>labin</strong></span> 
     </span>
     <span class='ocr_line' id='line_1_10' title="bbox 177 1375 1190 1462; baseline -0.004 -20"><span class='ocrx_word' id='word_1_67' title='bbox 177 1391 248 1442; x_wconf 86' lang='lat' dir='ltr'><strong>sunt</strong></span> <span class='ocrx_word' id='word_1_68' title='bbox 264 1399 404 1444; x_wconf 84' lang='lat' dir='ltr'><strong>mnarum</strong></span> <span class='ocrx_word' id='word_1_69' title='bbox 421 1375 540 1442; x_wconf 86' lang='lat' dir='ltr'><strong>illerum</strong></span> <span class='ocrx_word' id='word_1_70' title='bbox 554 1379 710 1439; x_wconf 73' lang='lat' dir='ltr'>exteriores</span> <span class='ocrx_word' id='word_1_71' title='bbox 724 1375 907 1462; x_wconf 73' lang='lat' dir='ltr'><strong>superficies,</strong></span> <span class='ocrx_word' id='word_1_72' title='bbox 926 1397 995 1460; x_wconf 81' lang='lat' dir='ltr'><strong>qnae</strong></span> <span class='ocrx_word' id='word_1_73' title='bbox 1010 1397 1138 1458; x_wconf 70' lang='lat' dir='ltr'><strong>supano,</strong></span> <span class='ocrx_word' id='word_1_74' title='bbox 1158 1377 1190 1438; x_wconf 90' lang='lat' dir='ltr'><strong>id</strong></span> 
     </span>
     <span class='ocr_line' id='line_1_11' title="bbox 177 1478 1189 1565; baseline -0.003 -21"><span class='ocrx_word' id='word_1_75' title='bbox 177 1494 221 1544; x_wconf 89' lang='lat' dir='ltr'><strong>est</strong></span> <span class='ocrx_word' id='word_1_76' title='bbox 230 1483 406 1544; x_wconf 77' lang='lat' dir='ltr'><strong>extrinsecos</strong></span> <span class='ocrx_word' id='word_1_77' title='bbox 416 1503 434 1542; x_wconf 92' lang='lat' dir='ltr'><strong>e</strong></span> <span class='ocrx_word' id='word_1_78' title='bbox 445 1481 514 1565; x_wconf 92' lang='lat' dir='ltr'><strong>polo</strong></span> <span class='ocrx_word' id='word_1_79' title='bbox 526 1479 651 1550; x_wconf 85' lang='lat' dir='ltr'><strong>boreali,</strong></span> <span class='ocrx_word' id='word_1_80' title='bbox 664 1501 717 1564; x_wconf 86' lang='lat' dir='ltr'><strong>per</strong></span> <span class='ocrx_word' id='word_1_81' title='bbox 728 1478 908 1564; x_wconf 83' lang='lat' dir='ltr'><strong>pellueidam</strong></span> <span class='ocrx_word' id='word_1_82' title='bbox 919 1479 1112 1542; x_wconf 85' lang='lat' dir='ltr'><strong>inerrantium</strong></span> <span class='ocrx_word' id='word_1_83' title='bbox 1124 1479 1189 1541; x_wconf 73' lang='lat' dir='ltr'><strong>nst·</strong></span> 
     </span>
     <span class='ocr_line' id='line_1_12' title="bbox 178 1581 1189 1667; baseline 0 -23"><span class='ocrx_word' id='word_1_84' title='bbox 178 1585 272 1646; x_wconf 85' lang='lat' dir='ltr'><strong>larum</strong></span> <span class='ocrx_word' id='word_1_85' title='bbox 294 1584 436 1667; x_wconf 77' lang='lat' dir='ltr'><strong>spheram</strong></span> <span class='ocrx_word' id='word_1_86' title='bbox 455 1584 523 1644; x_wconf 75' lang='lat' dir='ltr'><strong>vise</strong></span> <span class='ocrx_word' id='word_1_87' title='bbox 541 1593 570 1644; x_wconf 87' lang='lat' dir='ltr'><strong>et</strong></span> <span class='ocrx_word' id='word_1_88' title='bbox 588 1583 659 1666; x_wconf 81' lang='lat' dir='ltr'><strong>ipsis</strong></span> <span class='ocrx_word' id='word_1_89' title='bbox 673 1583 857 1666; x_wconf 74' lang='lat' dir='ltr'><strong>singulorum</strong></span> <span class='ocrx_word' id='word_1_90' title='bbox 877 1593 1021 1644; x_wconf 81' lang='lat' dir='ltr'><strong>astrorum</strong></span> <span class='ocrx_word' id='word_1_91' title='bbox 1041 1581 1189 1644; x_wconf 77' lang='lat' dir='ltr'><strong>coloribus</strong></span> 
     </span>
     <span class='ocr_line' id='line_1_13' title="bbox 178 1685 1189 1771; baseline 0 -23"><span class='ocrx_word' id='word_1_92' title='bbox 178 1687 335 1755; x_wconf 77' lang='lat' dir='ltr'><strong>distinctae,</strong></span> <span class='ocrx_word' id='word_1_93' title='bbox 351 1685 458 1748; x_wconf 72' lang='grc' dir='ltr'><strong>(Ιοηιιηι</strong></span> <span class='ocrx_word' id='word_1_94' title='bbox 472 1688 641 1754; x_wconf 72' lang='lat' dir='ltr'><strong>coadunant,</strong></span> <span class='ocrx_word' id='word_1_95' title='bbox 657 1687 689 1747; x_wconf 92' lang='lat' dir='ltr'><strong>id</strong></span> <span class='ocrx_word' id='word_1_96' title='bbox 703 1699 747 1748; x_wconf 86' lang='lat' dir='ltr'><strong>est</strong></span> <span class='ocrx_word' id='word_1_97' title='bbox 760 1700 898 1771; x_wconf 86' lang='lat' dir='ltr'><strong>tauquam</strong></span> <span class='ocrx_word' id='word_1_98' title='bbox 912 1687 1083 1748; x_wconf 82' lang='lat' dir='ltr'><strong>continuam</strong></span> <span class='ocrx_word' id='word_1_99' title='bbox 1098 1687 1189 1748; x_wconf 84' lang='lat' dir='ltr'><strong>ciren-</strong></span> 
     </span>
     <span class='ocr_line' id='line_1_14' title="bbox 178 1789 1188 1874; baseline 0.001 -25"><span class='ocrx_word' id='word_1_100' title='bbox 178 1789 270 1850; x_wconf 81' lang='lat' dir='ltr'><strong>lnrem</strong></span> <span class='ocrx_word' id='word_1_101' title='bbox 290 1790 475 1873; x_wconf 83' lang='lat' dir='ltr'><strong>superficiem</strong></span> <span class='ocrx_word' id='word_1_102' title='bbox 494 1792 684 1852; x_wconf 83' lang='lat' dir='ltr'><strong>ooneentricis</strong></span> <span class='ocrx_word' id='word_1_103' title='bbox 704 1792 782 1853; x_wconf 81' lang='lat' dir='ltr'><strong>sonis</strong></span> <span class='ocrx_word' id='word_1_104' title='bbox 804 1792 996 1874; x_wconf 81' lang='lat' dir='ltr'><strong>compositam</strong></span> <span class='ocrx_word' id='word_1_105' title='bbox 1016 1791 1188 1858; x_wconf 78' lang='lat' dir='ltr'><strong>ostendunt,</strong></span> 
     </span>
     <span class='ocr_line' id='line_1_15' title="bbox 178 1893 1190 1977; baseline 0.002 -25"><span class='ocrx_word' id='word_1_106' title='bbox 178 1894 256 1956; x_wconf 82' lang='lat' dir='ltr'><strong>intra</strong></span> <span class='ocrx_word' id='word_1_107' title='bbox 275 1913 348 1977; x_wconf 83' lang='lat' dir='ltr'><strong>qnae</strong></span> <span class='ocrx_word' id='word_1_108' title='bbox 366 1895 532 1956; x_wconf 71' lang='lat' dir='ltr'><strong>continetur</strong></span> <span class='ocrx_word' id='word_1_109' title='bbox 550 1894 675 1955; x_wconf 84' lang='lat' dir='ltr'><strong>obseura</strong></span> <span class='ocrx_word' id='word_1_110' title='bbox 693 1895 768 1955; x_wconf 89' lang='lat' dir='ltr'><strong>aeris</strong></span> <span class='ocrx_word' id='word_1_111' title='bbox 786 1905 817 1954; x_wconf 86' lang='lat' dir='ltr'><strong>et</strong></span> <span class='ocrx_word' id='word_1_112' title='bbox 837 1894 934 1954; x_wconf 81' lang='lat' dir='ltr'><strong>Turres</strong></span> <span class='ocrx_word' id='word_1_113' title='bbox 955 1893 1079 1976; x_wconf 76' lang='lat' dir='ltr'><strong>sphera,</strong></span> <span class='ocrx_word' id='word_1_114' title='bbox 1100 1913 1190 1976; x_wconf 78' lang='lat' dir='ltr'><strong>qaam</strong></span> 
     </span>
     <span class='ocr_line' id='line_1_16' title="bbox 141 1995 1189 2079; baseline -0.002 -21"><span class='ocrx_word' id='word_1_115' title='bbox 141 2008 143 2010; x_wconf 80' lang='grc'><strong>’</strong></span> <span class='ocrx_word' id='word_1_116' title='bbox 178 1997 334 2078; x_wconf 73' lang='lat' dir='ltr'><strong>pennensis</strong></span> <span class='ocrx_word' id='word_1_117' title='bbox 351 1995 555 2058; x_wconf 82' lang='lat' dir='ltr'><strong>adamantinos</strong></span> <span class='ocrx_word' id='word_1_118' title='bbox 570 1995 620 2056; x_wconf 91' lang='lat' dir='ltr'><strong>ille</strong></span> <span class='ocrx_word' id='word_1_119' title='bbox 638 1995 704 2058; x_wconf 85' lang='lat' dir='ltr'><strong>eoeli</strong></span> <span class='ocrx_word' id='word_1_120' title='bbox 717 1997 777 2057; x_wconf 83' lang='lat' dir='ltr'><strong>axis</strong></span> <span class='ocrx_word' id='word_1_121' title='bbox 792 1995 958 2079; x_wconf 73' lang='lat' dir='ltr'><strong>splendenti</strong></span> <span class='ocrx_word' id='word_1_122' title='bbox 972 1995 1109 2058; x_wconf 83' lang='lat' dir='ltr'><strong>oolumna</strong></span> <span class='ocrx_word' id='word_1_123' title='bbox 1129 2017 1189 2056; x_wconf 86' lang='lat' dir='ltr'><strong>ves·</strong></span> 
     </span>
     <span class='ocr_line' id='line_1_17' title="bbox 180 2097 1188 2181; baseline 0.001 -24"><span class='ocrx_word' id='word_1_124' title='bbox 180 2097 258 2157; x_wconf 81' lang='lat' dir='ltr'><strong>litus.</strong></span> <span class='ocrx_word' id='word_1_125' title='bbox 274 2099 360 2158; x_wconf 77' lang='lat' dir='ltr'><strong>Zone</strong></span> <span class='ocrx_word' id='word_1_126' title='bbox 373 2109 472 2158; x_wconf 83' lang='lat' dir='ltr'><strong>autem</strong></span> <span class='ocrx_word' id='word_1_127' title='bbox 486 2097 555 2166; x_wconf 76' lang='lat' dir='ltr'><strong>illae,</strong></span> <span class='ocrx_word' id='word_1_128' title='bbox 571 2118 606 2158; x_wconf 80' lang='lat' dir='ltr'><strong>ex</strong></span> <span class='ocrx_word' id='word_1_129' title='bbox 619 2097 826 2180; x_wconf 79' lang='lat' dir='ltr'><strong>aequinoctialis</strong></span> <span class='ocrx_word' id='word_1_130' title='bbox 841 2097 942 2160; x_wconf 82' lang='lat' dir='ltr'><strong>circuli</strong></span> <span class='ocrx_word' id='word_1_131' title='bbox 957 2097 1026 2181; x_wconf 90' lang='lat' dir='ltr'><strong>polo</strong></span> <span class='ocrx_word' id='word_1_132' title='bbox 1044 2109 1188 2180; x_wconf 70' lang='lat' dir='ltr'><strong>spectata,</strong></span> 
     </span>
     <span class='ocr_line' id='line_1_18' title="bbox 179 2199 1188 2285; baseline 0.001 -24"><span class='ocrx_word' id='word_1_133' title='bbox 179 2221 214 2261; x_wconf 92' lang='lat' dir='ltr'><strong>eo</strong></span> <span class='ocrx_word' id='word_1_134' title='bbox 226 2201 341 2262; x_wconf 83' lang='lat' dir='ltr'><strong>latiores</strong></span> <span class='ocrx_word' id='word_1_135' title='bbox 355 2213 508 2285; x_wconf 75' lang='lat' dir='ltr'><strong>apparent,</strong></span> <span class='ocrx_word' id='word_1_136' title='bbox 524 2217 586 2283; x_wconf 86' lang='lat' dir='ltr'><strong>quo·</strong></span> <span class='ocrx_word' id='word_1_137' title='bbox 595 2199 723 2262; x_wconf 85' lang='lat' dir='ltr'><strong>eiroulus</strong></span> <span class='ocrx_word' id='word_1_138' title='bbox 735 2211 813 2262; x_wconf 85' lang='lat' dir='ltr'><strong>astro</strong></span> <span class='ocrx_word' id='word_1_139' title='bbox 825 2202 932 2262; x_wconf 79' lang='lat' dir='ltr'><strong>erranti</strong></span> <span class='ocrx_word' id='word_1_140' title='bbox 945 2202 1053 2283; x_wconf 85' lang='lat' dir='ltr'><strong>cuique</strong></span> <span class='ocrx_word' id='word_1_141' title='bbox 1064 2201 1188 2284; x_wconf 77' lang='lat' dir='ltr'><strong>descrip-</strong></span> 
     </span>
     <span class='ocr_line' id='line_1_19' title="bbox 179 2303 739 2386; baseline 0 -24"><span class='ocrx_word' id='word_1_142' title='bbox 179 2315 227 2363; x_wconf 86' lang='lat' dir='ltr'><strong>tas</strong></span> <span class='ocrx_word' id='word_1_143' title='bbox 241 2304 334 2386; x_wconf 76' lang='lat' dir='ltr'><strong>magis</strong></span> <span class='ocrx_word' id='word_1_144' title='bbox 349 2303 387 2364; x_wconf 89' lang='lat' dir='ltr'><strong>ab</strong></span> <span class='ocrx_word' id='word_1_145' title='bbox 400 2303 594 2386; x_wconf 78' lang='lat' dir='ltr'><strong>equinoctieli</strong></span> <span class='ocrx_word' id='word_1_146' title='bbox 609 2303 739 2363; x_wconf 81' lang='lat' dir='ltr'><strong>discedit.</strong></span> 
     </span>
    </p>

    <p class='ocr_par' dir='ltr' id='par_1_3' title="bbox 179 2405 1191 3930">
     <span class='ocr_line' id='line_1_20' title="bbox 224 2405 1191 2491; baseline 0 -24"><span class='ocrx_word' id='word_1_147' title='bbox 224 2405 262 2467; x_wconf 90' lang='lat' dir='ltr'><strong>Ut</strong></span> <span class='ocrx_word' id='word_1_148' title='bbox 280 2417 375 2468; x_wconf 76' lang='lat' dir='ltr'><strong>cetere</strong></span> <span class='ocrx_word' id='word_1_149' title='bbox 397 2405 605 2490; x_wconf 79' lang='lat' dir='ltr'><strong>intelligantur,</strong></span> <span class='ocrx_word' id='word_1_150' title='bbox 628 2418 726 2468; x_wconf 89' lang='lat' dir='ltr'><strong>mente</strong></span> <span class='ocrx_word' id='word_1_151' title='bbox 743 2418 843 2468; x_wconf 88' lang='lat' dir='ltr'><strong>tenere</strong></span> <span class='ocrx_word' id='word_1_152' title='bbox 862 2417 976 2490; x_wconf 87' lang='lat' dir='ltr'><strong>oportet</strong></span> <span class='ocrx_word' id='word_1_153' title='bbox 996 2407 1110 2469; x_wconf 86' lang='lat' dir='ltr'><strong>Platoni</strong></span> <span class='ocrx_word' id='word_1_154' title='bbox 1134 2409 1191 2491; x_wconf 91' lang='lat' dir='ltr'><strong>pri·</strong></span> 
     </span>
     <span class='ocr_line' id='line_1_21' title="bbox 179 2508 1190 2592; baseline 0.004 -24"><span class='ocrx_word' id='word_1_155' title='bbox 179 2527 264 2568; x_wconf 85' lang='lat' dir='ltr'><strong>mum</strong></span> <span class='ocrx_word' id='word_1_156' title='bbox 279 2508 382 2568; x_wconf 89' lang='lat' dir='ltr'><strong>ordine</strong></span> <span class='ocrx_word' id='word_1_157' title='bbox 397 2508 589 2592; x_wconf 81' lang='lat' dir='ltr'><strong>spondylum,</strong></span> <span class='ocrx_word' id='word_1_158' title='bbox 606 2509 684 2570; x_wconf 86' lang='lat' dir='ltr'><strong>vario</strong></span> <span class='ocrx_word' id='word_1_159' title='bbox 692 2508 804 2577; x_wconf 78' lang='lat' dir='ltr'><strong>dolore,</strong></span> <span class='ocrx_word' id='word_1_160' title='bbox 820 2527 882 2570; x_wconf 82' lang='lat' dir='ltr'><strong>esse</strong></span> <span class='ocrx_word' id='word_1_161' title='bbox 891 2511 1084 2571; x_wconf 82' lang='lat' dir='ltr'><strong>inerrantium</strong></span> <span class='ocrx_word' id='word_1_162' title='bbox 1096 2509 1190 2572; x_wconf 81' lang='lat' dir='ltr'><strong>stella·</strong></span> 
     </span>
     <span class='ocr_line' id='line_1_22' title="bbox 180 2609 1189 2696; baseline 0.005 -27"><span class='ocrx_word' id='word_1_163' title='bbox 180 2629 247 2670; x_wconf 86' lang='lat' dir='ltr'><strong>rom</strong></span> <span class='ocrx_word' id='word_1_164' title='bbox 271 2609 427 2694; x_wconf 71' lang='lat' dir='ltr'><strong>spheram:</strong></span> <span class='ocrx_word' id='word_1_165' title='bbox 448 2611 612 2672; x_wconf 86' lang='lat' dir='ltr'><strong>seeundum</strong></span> <span class='ocrx_word' id='word_1_166' title='bbox 631 2611 750 2680; x_wconf 83' lang='lat' dir='ltr'><strong>ordine,</strong></span> <span class='ocrx_word' id='word_1_167' title='bbox 771 2611 866 2674; x_wconf 86' lang='lat' dir='ltr'><strong>colore</strong></span> <span class='ocrx_word' id='word_1_168' title='bbox 887 2611 996 2674; x_wconf 78' lang='lat' dir='ltr'><strong>flavum</strong></span> <span class='ocrx_word' id='word_1_169' title='bbox 1019 2625 1048 2674; x_wconf 90' lang='lat' dir='ltr'><strong>et</strong></span> <span class='ocrx_word' id='word_1_170' title='bbox 1068 2613 1189 2696; x_wconf 87' lang='lat' dir='ltr'><strong>quinto,</strong></span> 
     </span>
     <span class='ocr_line' id='line_1_23' title="bbox 179 2713 1191 2796; baseline 0.003 -24"><span class='ocrx_word' id='word_1_171' title='bbox 179 2713 232 2796; x_wconf 84' lang='lat' dir='ltr'><strong>qui</strong></span> <span class='ocrx_word' id='word_1_172' title='bbox 251 2713 388 2774; x_wconf 79' lang='lat' dir='ltr'><strong>Memmii</strong></span> <span class='ocrx_word' id='word_1_173' title='bbox 402 2726 458 2783; x_wconf 87' lang='lat' dir='ltr'><strong>est,</strong></span> <span class='ocrx_word' id='word_1_174' title='bbox 475 2715 615 2784; x_wconf 86' lang='lat' dir='ltr'><strong>similem,</strong></span> <span class='ocrx_word' id='word_1_175' title='bbox 630 2735 693 2775; x_wconf 85' lang='lat' dir='ltr'><strong>esse</strong></span> <span class='ocrx_word' id='word_1_176' title='bbox 708 2713 841 2784; x_wconf 71' lang='lat' dir='ltr'><strong>Saturniz</strong></span> <span class='ocrx_word' id='word_1_177' title='bbox 860 2715 978 2776; x_wconf 82' lang='lat' dir='ltr'><strong>tertium</strong></span> <span class='ocrx_word' id='word_1_178' title='bbox 993 2713 1110 2781; x_wconf 81' lang='lat' dir='ltr'><strong>ordine,</strong></span> <span class='ocrx_word' id='word_1_179' title='bbox 1125 2735 1191 2775; x_wconf 85' lang='lat' dir='ltr'><strong>can·</strong></span> 
     </span>
     <span class='ocr_line' id='line_1_24' title="bbox 180 2815 1190 2900; baseline 0.002 -22"><span class='ocrx_word' id='word_1_180' title='bbox 180 2815 260 2878; x_wconf 78' lang='lat' dir='ltr'><strong>denti</strong></span> <span class='ocrx_word' id='word_1_181' title='bbox 281 2815 416 2878; x_wconf 79' lang='lat' dir='ltr'><strong>albedine</strong></span> <span class='ocrx_word' id='word_1_182' title='bbox 432 2819 580 2900; x_wconf 81' lang='lat' dir='ltr'><strong>primum,</strong></span> <span class='ocrx_word' id='word_1_183' title='bbox 600 2839 663 2879; x_wconf 83' lang='lat' dir='ltr'><strong>esse</strong></span> <span class='ocrx_word' id='word_1_184' title='bbox 681 2819 776 2886; x_wconf 81' lang='lat' dir='ltr'><strong>Jovie;</strong></span> <span class='ocrx_word' id='word_1_185' title='bbox 795 2829 934 2900; x_wconf 85' lang='lat' dir='ltr'><strong>quartum</strong></span> <span class='ocrx_word' id='word_1_186' title='bbox 954 2817 1071 2886; x_wconf 90' lang='lat' dir='ltr'><strong>ordine,</strong></span> <span class='ocrx_word' id='word_1_187' title='bbox 1094 2817 1190 2880; x_wconf 81' lang='lat' dir='ltr'><strong>eolore</strong></span> 
     </span>
     <span class='ocr_line' id='line_1_25' title="bbox 181 2917 1190 3002; baseline 0.004 -24"><span class='ocrx_word' id='word_1_188' title='bbox 181 2918 377 2988; x_wconf 71' lang='lat' dir='ltr'><strong>subrubeum,</strong></span> <span class='ocrx_word' id='word_1_189' title='bbox 391 2917 505 2988; x_wconf 59' lang='lat' dir='ltr'><strong>liertiae</strong></span> <span class='ocrx_word' id='word_1_190' title='bbox 516 2921 654 3002; x_wconf 83' lang='lat' dir='ltr'><strong>quintum</strong></span> <span class='ocrx_word' id='word_1_191' title='bbox 664 2921 781 2989; x_wconf 85' lang='lat' dir='ltr'><strong>ordine,</strong></span> <span class='ocrx_word' id='word_1_192' title='bbox 793 2919 891 2981; x_wconf 82' lang='lat' dir='ltr'><strong>colom</strong></span> <span class='ocrx_word' id='word_1_193' title='bbox 900 2918 1025 2990; x_wconf 82' lang='lat' dir='ltr'><strong>flavum,</strong></span> <span class='ocrx_word' id='word_1_194' title='bbox 1037 2921 1190 2990; x_wconf 71' lang='lat' dir='ltr'><strong>lderouriie</strong></span> 
     </span>
     <span class='ocr_line' id='line_1_26' title="bbox 180 3021 1190 3108; baseline 0.005 -28"><span class='ocrx_word' id='word_1_195' title='bbox 180 3031 293 3080; x_wconf 86' lang='lat' dir='ltr'><strong>sertum</strong></span> <span class='ocrx_word' id='word_1_196' title='bbox 312 3021 415 3085; x_wconf 84' lang='lat' dir='ltr'><strong>ordine</strong></span> <span class='ocrx_word' id='word_1_197' title='bbox 422 3043 432 3090; x_wconf 87' lang='lat'><strong>,·</strong></span> <span class='ocrx_word' id='word_1_198' title='bbox 450 3022 585 3084; x_wconf 83' lang='lat' dir='ltr'><strong>albedine</strong></span> <span class='ocrx_word' id='word_1_199' title='bbox 608 3023 786 3092; x_wconf 86' lang='lat' dir='ltr'><strong>secundum,</strong></span> <span class='ocrx_word' id='word_1_200' title='bbox 808 3023 942 3090; x_wconf 61' lang='lat' dir='ltr'><strong>Venerin</strong></span> <span class='ocrx_word' id='word_1_201' title='bbox 966 3025 1123 3108; x_wconf 83' lang='lat' dir='ltr'><strong>septimum</strong></span> <span class='ocrx_word' id='word_1_202' title='bbox 1143 3045 1190 3085; x_wconf 90' lang='lat' dir='ltr'><strong>or·</strong></span> 
     </span>
     <span class='ocr_line' id='line_1_27' title="bbox 180 3121 1190 3209; baseline 0.008 -29"><span class='ocrx_word' id='word_1_203' title='bbox 180 3121 264 3190; x_wconf 87' lang='lat' dir='ltr'><strong>dine,</strong></span> <span class='ocrx_word' id='word_1_204' title='bbox 283 3123 544 3208; x_wconf 81' lang='lat' dir='ltr'><strong>fulgentissimum,</strong></span> <span class='ocrx_word' id='word_1_205' title='bbox 561 3125 650 3194; x_wconf 57' lang='lat' dir='ltr'><strong>solim</strong></span> <span class='ocrx_word' id='word_1_206' title='bbox 670 3138 819 3195; x_wconf 81' lang='lat' dir='ltr'><strong>octavum,</strong></span> <span class='ocrx_word' id='word_1_207' title='bbox 840 3149 856 3186; x_wconf 85' lang='lat' dir='ltr'><strong>a</strong></span> <span class='ocrx_word' id='word_1_208' title='bbox 875 3127 999 3209; x_wconf 87' lang='lat' dir='ltr'><strong>septimo</strong></span> <span class='ocrx_word' id='word_1_209' title='bbox 1017 3126 1120 3188; x_wconf 85' lang='lat' dir='ltr'><strong>lumen</strong></span> <span class='ocrx_word' id='word_1_210' title='bbox 1139 3125 1190 3188; x_wconf 89' lang='lat' dir='ltr'><strong>ha·</strong></span> 
     </span>
     <span class='ocr_line' id='line_1_28' title="bbox 179 3225 1189 3313; baseline 0.004 -27"><span class='ocrx_word' id='word_1_211' title='bbox 179 3225 311 3296; x_wconf 85' lang='lat' dir='ltr'><strong>bentem,</strong></span> <span class='ocrx_word' id='word_1_212' title='bbox 329 3229 427 3288; x_wconf 78' lang='lat' dir='ltr'><strong>Lunae.</strong></span> <span class='ocrx_word' id='word_1_213' title='bbox 446 3227 478 3290; x_wconf 84' lang='lat' dir='ltr'><strong>si</strong></span> <span class='ocrx_word' id='word_1_214' title='bbox 498 3249 567 3312; x_wconf 70' lang='lat' dir='ltr'><strong>ergo</strong></span> <span class='ocrx_word' id='word_1_215' title='bbox 582 3228 696 3290; x_wconf 88' lang='lat' dir='ltr'><strong>Platoni</strong></span> <span class='ocrx_word' id='word_1_216' title='bbox 710 3229 903 3297; x_wconf 86' lang='lat' dir='ltr'><strong>credendum,</strong></span> <span class='ocrx_word' id='word_1_217' title='bbox 924 3229 1082 3292; x_wconf 82' lang='lat' dir='ltr'><strong>latissimos</strong></span> <span class='ocrx_word' id='word_1_218' title='bbox 1103 3251 1189 3313; x_wconf 85' lang='lat' dir='ltr'><strong>spon·</strong></span> 
     </span>
     <span class='ocr_line' id='line_1_29' title="bbox 180 3327 1190 3411; baseline 0.007 -23"><span class='ocrx_word' id='word_1_219' title='bbox 180 3327 265 3411; x_wconf 80' lang='lat' dir='ltr'><strong>dylus</strong></span> <span class='ocrx_word' id='word_1_220' title='bbox 277 3341 322 3390; x_wconf 84' lang='lat' dir='ltr'><strong>est</strong></span> <span class='ocrx_word' id='word_1_221' title='bbox 335 3332 529 3392; x_wconf 81' lang='lat' dir='ltr'><strong>inerrantium</strong></span> <span class='ocrx_word' id='word_1_222' title='bbox 544 3331 708 3399; x_wconf 68' lang='lat' dir='ltr'><strong>stellarum</strong></span> <span class='ocrx_word' id='word_1_223' title='bbox 724 3332 878 3394; x_wconf 86' lang='lat' dir='ltr'><strong>latitudine</strong></span> <span class='ocrx_word' id='word_1_224' title='bbox 893 3333 1041 3396; x_wconf 86' lang='lat' dir='ltr'><strong>secundus</strong></span> <span class='ocrx_word' id='word_1_225' title='bbox 1053 3333 1190 3400; x_wconf 67' lang='lat' dir='ltr'><strong>venerim</strong></span> 
     </span>
     <span class='ocr_line' id='line_1_30' title="bbox 180 3432 1189 3518; baseline 0.007 -28"><span class='ocrx_word' id='word_1_226' title='bbox 180 3432 282 3492; x_wconf 87' lang='lat' dir='ltr'><strong>tertius</strong></span> <span class='ocrx_word' id='word_1_227' title='bbox 296 3434 410 3501; x_wconf 66' lang='lat' dir='ltr'><strong>Martim</strong></span> <span class='ocrx_word' id='word_1_228' title='bbox 426 3445 547 3515; x_wconf 87' lang='lat' dir='ltr'><strong>quartus</strong></span> <span class='ocrx_word' id='word_1_229' title='bbox 563 3436 668 3503; x_wconf 82' lang='lat' dir='ltr'><strong>Lnnae;</strong></span> <span class='ocrx_word' id='word_1_230' title='bbox 684 3436 805 3518; x_wconf 85' lang='lat' dir='ltr'><strong>quintus</strong></span> <span class='ocrx_word' id='word_1_231' title='bbox 820 3435 908 3504; x_wconf 78' lang='lat' dir='ltr'><strong>Solis,</strong></span> <span class='ocrx_word' id='word_1_232' title='bbox 925 3449 1020 3497; x_wconf 78' lang='lat' dir='ltr'><strong>sextos</strong></span> <span class='ocrx_word' id='word_1_233' title='bbox 1035 3437 1189 3506; x_wconf 70' lang='lat' dir='ltr'><strong>Mercurii,</strong></span> 
     </span>
     <span class='ocr_line' id='line_1_31' title="bbox 180 3535 1190 3622; baseline 0.008 -30"><span class='ocrx_word' id='word_1_234' title='bbox 180 3535 322 3615; x_wconf 89' lang='lat' dir='ltr'><strong>septimus</strong></span> <span class='ocrx_word' id='word_1_235' title='bbox 339 3535 430 3604; x_wconf 58' lang='lat' dir='ltr'><strong>toria</strong></span> <span class='ocrx_word' id='word_1_236' title='bbox 446 3547 563 3596; x_wconf 85' lang='lat' dir='ltr'><strong>octavus</strong></span> <span class='ocrx_word' id='word_1_237' title='bbox 579 3536 705 3598; x_wconf 86' lang='lat' dir='ltr'><strong>Saturni.</strong></span> <span class='ocrx_word' id='word_1_238' title='bbox 722 3539 878 3599; x_wconf 87' lang='lat' dir='ltr'><strong>Recordari</strong></span> <span class='ocrx_word' id='word_1_239' title='bbox 898 3551 997 3600; x_wconf 86' lang='lat' dir='ltr'><strong>eutem</strong></span> <span class='ocrx_word' id='word_1_240' title='bbox 1017 3551 1129 3622; x_wconf 84' lang='lat' dir='ltr'><strong>oportet</strong></span> <span class='ocrx_word' id='word_1_241' title='bbox 1148 3561 1190 3600; x_wconf 87' lang='lat' dir='ltr'><strong>zo-</strong></span> 
     </span>
     <span class='ocr_line' id='line_1_32' title="bbox 180 3636 1189 3726; baseline 0.008 -32"><span class='ocrx_word' id='word_1_242' title='bbox 180 3657 287 3696; x_wconf 86' lang='lat' dir='ltr'><strong>narum</strong></span> <span class='ocrx_word' id='word_1_243' title='bbox 300 3636 468 3698; x_wconf 84' lang='lat' dir='ltr'><strong>latitudines</strong></span> <span class='ocrx_word' id='word_1_244' title='bbox 481 3637 543 3698; x_wconf 91' lang='lat' dir='ltr'><strong>illas</strong></span> <span class='ocrx_word' id='word_1_245' title='bbox 556 3661 615 3700; x_wconf 92' lang='lat' dir='ltr'><strong>non</strong></span> <span class='ocrx_word' id='word_1_246' title='bbox 631 3639 764 3724; x_wconf 85' lang='lat' dir='ltr'><strong>ecliptico</strong></span> <span class='ocrx_word' id='word_1_247' title='bbox 778 3642 899 3710; x_wconf 90' lang='lat' dir='ltr'><strong>circulo,</strong></span> <span class='ocrx_word' id='word_1_248' title='bbox 917 3641 968 3702; x_wconf 86' lang='lat' dir='ltr'><strong>sed</strong></span> <span class='ocrx_word' id='word_1_249' title='bbox 982 3641 1189 3726; x_wconf 73' lang='lat' dir='ltr'><strong>aequinoctiali,</strong></span> 
     </span>
     <span class='ocr_line' id='line_1_33' title="bbox 180 3741 1190 3826; baseline 0.004 -26"><span class='ocrx_word' id='word_1_250' title='bbox 180 3743 233 3822; x_wconf 90' lang='lat' dir='ltr'><strong>qui</strong></span> <span class='ocrx_word' id='word_1_251' title='bbox 251 3761 366 3823; x_wconf 86' lang='lat' dir='ltr'><strong>pereas</strong></span> <span class='ocrx_word' id='word_1_252' title='bbox 381 3741 403 3800; x_wconf 86' lang='lat' dir='ltr'><strong>it</strong></span> <span class='ocrx_word' id='word_1_253' title='bbox 418 3741 547 3812; x_wconf 86' lang='lat' dir='ltr'><strong>medius,</strong></span> <span class='ocrx_word' id='word_1_254' title='bbox 563 3744 597 3804; x_wconf 85' lang='lat' dir='ltr'><strong>ed</strong></span> <span class='ocrx_word' id='word_1_255' title='bbox 620 3745 863 3826; x_wconf 83' lang='lat' dir='ltr'><strong>perpendiculum</strong></span> <span class='ocrx_word' id='word_1_256' title='bbox 884 3766 944 3808; x_wconf 85' lang='lat' dir='ltr'><strong>esse</strong></span> <span class='ocrx_word' id='word_1_257' title='bbox 964 3743 1149 3811; x_wconf 75' lang='lat' dir='ltr'><strong>metiendae,</strong></span> <span class='ocrx_word' id='word_1_258' title='bbox 1161 3757 1190 3805; x_wconf 90' lang='lat' dir='ltr'><strong>et</strong></span> 
     </span>
     <span class='ocr_line' id='line_1_34' title="bbox 180 3844 1187 3930; baseline 0.005 -28"><span class='ocrx_word' id='word_1_259' title='bbox 180 3844 342 3904; x_wconf 84' lang='lat' dir='ltr'><strong>secondum</strong></span> <span class='ocrx_word' id='word_1_260' title='bbox 356 3844 506 3906; x_wconf 85' lang='lat' dir='ltr'><strong>Platonem</strong></span> <span class='ocrx_word' id='word_1_261' title='bbox 519 3847 639 3907; x_wconf 88' lang='lat' dir='ltr'><strong>Terram</strong></span> <span class='ocrx_word' id='word_1_262' title='bbox 652 3869 714 3908; x_wconf 87' lang='lat' dir='ltr'><strong>esse</strong></span> <span class='ocrx_word' id='word_1_263' title='bbox 729 3850 759 3908; x_wconf 94' lang='lat' dir='ltr'><strong>in</strong></span> <span class='ocrx_word' id='word_1_264' title='bbox 772 3850 923 3908; x_wconf 86' lang='lat' dir='ltr'><strong>communi</strong></span> <span class='ocrx_word' id='word_1_265' title='bbox 936 3847 1114 3930; x_wconf 73' lang='lat' dir='ltr'><strong>sphaerarum</strong></span> <span class='ocrx_word' id='word_1_266' title='bbox 1127 3867 1187 3907; x_wconf 92' lang='lat' dir='ltr'><strong>orn·</strong></span> 
     </span>
    </p>
   </div>
   <div class='ocr_carea' id='block_1_3' title="bbox 0 0 1519 4826">
    <p class='ocr_par' dir='ltr' id='par_1_4' title="bbox 0 0 1519 4826">
     <span class='ocr_line' id='line_1_35' title="bbox 0 0 1519 4826; baseline 0 0"><span class='ocrx_word' id='word_1_267' title='bbox 0 0 1519 4826; x_wconf 95' lang='lat' dir='ltr'><strong> </strong></span> 
     </span>
    </p>
   </div>
  </div>
 </body>
</html>
