<?xml version="1.0" encoding="UTF-8"?>
<!DOCTYPE html PUBLIC "-//W3C//DTD XHTML 1.0 Transitional//EN"
    "http://www.w3.org/TR/xhtml1/DTD/xhtml1-transitional.dtd">
<html xmlns="http://www.w3.org/1999/xhtml" xml:lang="en" lang="en">
 <head>
  <title>
</title>
<meta http-equiv="Content-Type" content="text/html;charset=utf-8" />
  <meta name='ocr-system' content='tesseract 3.04.00' />
  <meta name='ocr-capabilities' content='ocr_page ocr_carea ocr_par ocr_line ocrx_word'/>
</head>
<body>
  <div class='ocr_page' id='page_1' title='image "./theonissmyrnaei00calcgoog_0271.png"; bbox 0 0 2964 4824; ppageno 0'>
   <div class='ocr_carea' id='block_1_1' title="bbox 462 399 1152 464">
    <p class='ocr_par' dir='ltr' id='par_1_1' title="bbox 462 399 1152 464">
     <span class='ocr_line' id='line_1_1' title="bbox 462 399 1152 464; baseline 0.004 -4"><span class='ocrx_word' id='word_1_1' title='bbox 462 401 518 462; x_wconf 80' lang='lat' dir='ltr'><strong>DE</strong></span> <span class='ocrx_word' id='word_1_2' title='bbox 538 399 835 464; x_wconf 76' lang='lat' dir='ltr'><strong>ASTRONOMIA.</strong></span> <span class='ocrx_word' id='word_1_3' title='bbox 1092 401 1152 464; x_wconf 81' lang='lat'><strong>257</strong></span> 
     </span>
    </p>
   </div>
   <div class='ocr_carea' id='block_1_2' title="bbox 145 521 1169 2571">
    <p class='ocr_par' dir='ltr' id='par_1_2' title="bbox 145 521 1169 2571">
     <span class='ocr_line' id='line_1_2' title="bbox 145 521 1156 623; baseline -0.001 -24"><span class='ocrx_word' id='word_1_4' title='bbox 145 527 232 599; x_wconf 89' lang='lat' dir='ltr'><strong>Solis</strong></span> <span class='ocrx_word' id='word_1_5' title='bbox 250 527 395 598; x_wconf 89' lang='lat' dir='ltr'><strong>circulus</strong></span> <span class='ocrx_word' id='word_1_6' title='bbox 413 529 622 606; x_wconf 76' lang='lat' dir='ltr'><strong>excentricus</strong></span> <span class='ocrx_word' id='word_1_7' title='bbox 639 521 732 610; x_wconf 70' lang='grc' dir='ltr'><strong>ελνξς</strong></span> <span class='ocrx_word' id='word_1_8' title='bbox 752 541 787 598; x_wconf 85' lang='lat' dir='ltr'><strong>et</strong></span> <span class='ocrx_word' id='word_1_9' title='bbox 803 530 845 596; x_wconf 85' lang='lat' dir='ltr'><strong>sit</strong></span> <span class='ocrx_word' id='word_1_10' title='bbox 863 538 1031 622; x_wconf 78' lang='lat' dir='ltr'><strong>puucmm</strong></span> <span class='ocrx_word' id='word_1_11' title='bbox 1053 530 1156 623; x_wconf 84' lang='lat' dir='ltr'><strong>ipsius</strong></span> 
     </span>
     <span class='ocr_line' id='line_1_3' title="bbox 146 647 1154 750; baseline 0 -32"><span class='ocrx_word' id='word_1_12' title='bbox 146 677 165 718; x_wconf 90' lang='lat' dir='ltr'><strong>a</strong></span> <span class='ocrx_word' id='word_1_13' title='bbox 179 649 285 720; x_wconf 88' lang='lat' dir='ltr'><strong>Terra</strong></span> <span class='ocrx_word' id='word_1_14' title='bbox 299 653 444 720; x_wconf 82' lang='lat' dir='ltr'><strong>maxime</strong></span> <span class='ocrx_word' id='word_1_15' title='bbox 460 648 584 722; x_wconf 81' lang='lat' dir='ltr'><strong>distem</strong></span> <span class='ocrx_word' id='word_1_16' title='bbox 600 678 616 720; x_wconf 82' lang='grc' dir='ltr'>ε</span> <span class='ocrx_word' id='word_1_17' title='bbox 630 647 693 720; x_wconf 90' lang='lat' dir='ltr'><strong>sub</strong></span> <span class='ocrx_word' id='word_1_18' title='bbox 708 651 829 744; x_wconf 86' lang='lat' dir='ltr'><strong>quinto</strong></span> <span class='ocrx_word' id='word_1_19' title='bbox 846 661 879 718; x_wconf 90' lang='lat' dir='ltr'><strong>et</strong></span> <span class='ocrx_word' id='word_1_20' title='bbox 894 647 1037 722; x_wconf 90' lang='lat' dir='ltr'><strong>dimidio</strong></span> <span class='ocrx_word' id='word_1_21' title='bbox 1049 649 1154 750; x_wconf 80' lang='lat' dir='ltr'><strong>gradu</strong></span> 
     </span>
     <span class='ocr_line' id='line_1_4' title="bbox 147 769 1159 866; baseline 0 -24"><span class='ocrx_word' id='word_1_22' title='bbox 147 769 389 854; x_wconf 65' lang='lat' dir='ltr'><strong>Geminorum</strong></span> <span class='ocrx_word' id='word_1_23' title='bbox 408 786 567 844; x_wconf 82' lang='lat' dir='ltr'><strong>centrum</strong></span> <span class='ocrx_word' id='word_1_24' title='bbox 581 774 654 866; x_wconf 86' lang='lat' dir='ltr'><strong>ejus</strong></span> <span class='ocrx_word' id='word_1_25' title='bbox 667 773 704 842; x_wconf 94' lang='lat' dir='ltr'><strong>in</strong></span> <span class='ocrx_word' id='word_1_26' title='bbox 718 771 757 841; x_wconf 83' lang='grc' dir='ltr'><strong>θα</strong></span> <span class='ocrx_word' id='word_1_27' title='bbox 772 771 862 842; x_wconf 86' lang='lat' dir='ltr'><strong>linea</strong></span> <span class='ocrx_word' id='word_1_28' title='bbox 876 783 1044 866; x_wconf 89' lang='lat' dir='ltr'><strong>punctum</strong></span> <span class='ocrx_word' id='word_1_29' title='bbox 1058 771 1105 854; x_wconf 80' lang='lat' dir='ltr'><strong>fl;</strong></span> <span class='ocrx_word' id='word_1_30' title='bbox 1124 786 1159 842; x_wconf 86' lang='lat' dir='ltr'><strong>et</strong></span> 
     </span>
     <span class='ocr_line' id='line_1_5' title="bbox 148 885 1157 980; baseline 0.002 -18"><span class='ocrx_word' id='word_1_31' title='bbox 148 891 356 970; x_wconf 88' lang='lat' dir='ltr'><strong>describatur</strong></span> <span class='ocrx_word' id='word_1_32' title='bbox 374 919 392 964; x_wconf 88' lang='lat' dir='ltr'><strong>e</strong></span> <span class='ocrx_word' id='word_1_33' title='bbox 411 907 530 964; x_wconf 89' lang='lat' dir='ltr'><strong>centro</strong></span> <span class='ocrx_word' id='word_1_34' title='bbox 548 893 581 972; x_wconf 85' lang='grc' dir='ltr'><strong>θ,</strong></span> <span class='ocrx_word' id='word_1_35' title='bbox 601 891 697 962; x_wconf 89' lang='lat' dir='ltr'><strong>radio</strong></span> <span class='ocrx_word' id='word_1_36' title='bbox 712 893 774 972; x_wconf 84' lang='grc' dir='ltr'><strong>Ηε,</strong></span> <span class='ocrx_word' id='word_1_37' title='bbox 795 891 939 962; x_wconf 85' lang='lat' dir='ltr'><strong>circulus</strong></span> <span class='ocrx_word' id='word_1_38' title='bbox 957 885 1047 980; x_wconf 76' lang='grc' dir='ltr'><strong><em>μονξ.</em></strong></span> <span class='ocrx_word' id='word_1_39' title='bbox 1070 891 1157 966; x_wconf 86' lang='lat' dir='ltr'><strong>Rur-</strong></span> 
     </span>
     <span class='ocr_line' id='line_1_6' title="bbox 148 1009 1158 1101; baseline -0.001 -16"><span class='ocrx_word' id='word_1_40' title='bbox 148 1042 203 1085; x_wconf 87' lang='lat' dir='ltr'><strong>sus</strong></span> <span class='ocrx_word' id='word_1_41' title='bbox 221 1042 239 1085; x_wconf 86' lang='lat' dir='ltr'><strong>e</strong></span> <span class='ocrx_word' id='word_1_42' title='bbox 255 1028 374 1086; x_wconf 89' lang='lat' dir='ltr'><strong>centro</strong></span> <span class='ocrx_word' id='word_1_43' title='bbox 389 1044 426 1101; x_wconf 87' lang='grc' dir='ltr'><strong>μ,</strong></span> <span class='ocrx_word' id='word_1_44' title='bbox 442 1013 539 1086; x_wconf 89' lang='lat' dir='ltr'><strong>radio</strong></span> <span class='ocrx_word' id='word_1_45' title='bbox 554 1041 607 1100; x_wconf 78' lang='grc' dir='ltr'><strong>με,</strong></span> <span class='ocrx_word' id='word_1_46' title='bbox 624 1011 834 1082; x_wconf 80' lang='lat' dir='ltr'><strong>describatur</strong></span> <span class='ocrx_word' id='word_1_47' title='bbox 847 1013 994 1082; x_wconf 84' lang='lat' dir='ltr'><strong>circulus</strong></span> <span class='ocrx_word' id='word_1_48' title='bbox 1009 1009 1083 1096; x_wconf 75' lang='grc' dir='ltr'><strong>εζηκ</strong></span> <span class='ocrx_word' id='word_1_49' title='bbox 1098 1045 1105 1084; x_wconf 91' lang='lat'><strong>:</strong></span> <span class='ocrx_word' id='word_1_50' title='bbox 1121 1015 1158 1084; x_wconf 91' lang='lat' dir='ltr'><strong>in</strong></span> 
     </span>
     <span class='ocr_line' id='line_1_7' title="bbox 149 1133 1160 1231; baseline 0.002 -25"><span class='ocrx_word' id='word_1_51' title='bbox 149 1151 270 1231; x_wconf 81' lang='lat' dir='ltr'><strong>apertu</strong></span> <span class='ocrx_word' id='word_1_52' title='bbox 285 1151 335 1206; x_wconf 88' lang='lat' dir='ltr'><strong>est</strong></span> <span class='ocrx_word' id='word_1_53' title='bbox 350 1135 444 1206; x_wconf 83' lang='lat' dir='ltr'><strong>hunc</strong></span> <span class='ocrx_word' id='word_1_54' title='bbox 462 1134 625 1206; x_wconf 88' lang='lat' dir='ltr'><strong>eumdem</strong></span> <span class='ocrx_word' id='word_1_55' title='bbox 641 1133 715 1204; x_wconf 85' lang='lat' dir='ltr'><strong>scre</strong></span> <span class='ocrx_word' id='word_1_56' title='bbox 734 1149 834 1230; x_wconf 89' lang='lat' dir='ltr'><strong>atque</strong></span> <span class='ocrx_word' id='word_1_57' title='bbox 852 1135 1052 1230; x_wconf 80' lang='lat' dir='ltr'><strong>epicyclum.</strong></span> <span class='ocrx_word' id='word_1_58' title='bbox 1073 1135 1160 1208; x_wconf 88' lang='lat' dir='ltr'>Dico</span> 
     </span>
     <span class='ocr_line' id='line_1_8' title="bbox 149 1256 1160 1354; baseline 0.002 -26"><span class='ocrx_word' id='word_1_59' title='bbox 149 1262 250 1354; x_wconf 76' lang='lat' dir='ltr'><strong>igitur</strong></span> <span class='ocrx_word' id='word_1_60' title='bbox 272 1256 345 1329; x_wconf 84' lang='lat' dir='ltr'><strong>lore</strong></span> <span class='ocrx_word' id='word_1_61' title='bbox 367 1272 406 1328; x_wconf 89' lang='lat' dir='ltr'><strong>ut</strong></span> <span class='ocrx_word' id='word_1_62' title='bbox 427 1258 502 1337; x_wconf 90' lang='lat' dir='ltr'><strong>Sol,</strong></span> <span class='ocrx_word' id='word_1_63' title='bbox 527 1256 737 1352; x_wconf 84' lang='lat' dir='ltr'><strong>aequabiliter</strong></span> <span class='ocrx_word' id='word_1_64' title='bbox 759 1270 872 1326; x_wconf 78' lang='lat' dir='ltr'><strong>metm</strong></span> <span class='ocrx_word' id='word_1_65' title='bbox 893 1281 956 1350; x_wconf 90' lang='lat' dir='ltr'><strong>per</strong></span> <span class='ocrx_word' id='word_1_66' title='bbox 981 1261 1160 1330; x_wconf 85' lang='lat' dir='ltr'><strong>excentrici</strong></span> 
     </span>
     <span class='ocr_line' id='line_1_9' title="bbox 151 1373 1161 1476; baseline 0.001 -25"><span class='ocrx_word' id='word_1_67' title='bbox 151 1379 318 1452; x_wconf 88' lang='lat' dir='ltr'><strong>ambitum</strong></span> <span class='ocrx_word' id='word_1_68' title='bbox 332 1373 419 1460; x_wconf 78' lang='grc' dir='ltr'>ελυξ,</span> <span class='ocrx_word' id='word_1_69' title='bbox 436 1404 493 1474; x_wconf 82' lang='lat' dir='ltr'><strong>per</strong></span> <span class='ocrx_word' id='word_1_70' title='bbox 506 1378 647 1450; x_wconf 67' lang='lat' dir='ltr'><strong>uccidm</strong></span> <span class='ocrx_word' id='word_1_71' title='bbox 661 1377 828 1450; x_wconf 77' lang='lat' dir='ltr'><strong>describat</strong></span> <span class='ocrx_word' id='word_1_72' title='bbox 843 1380 944 1450; x_wconf 88' lang='lat' dir='ltr'><strong>ctiam</strong></span> <span class='ocrx_word' id='word_1_73' title='bbox 960 1375 1034 1460; x_wconf 73' lang='grc' dir='ltr'><strong>εζηκ</strong></span> <span class='ocrx_word' id='word_1_74' title='bbox 1053 1382 1161 1476; x_wconf 82' lang='lat' dir='ltr'><strong>epicy-</strong></span> 
     </span>
     <span class='ocr_line' id='line_1_10' title="bbox 151 1493 1162 1598; baseline 0.003 -26"><span class='ocrx_word' id='word_1_75' title='bbox 151 1503 259 1582; x_wconf 90' lang='lat' dir='ltr'><strong>clum,</strong></span> <span class='ocrx_word' id='word_1_76' title='bbox 280 1500 431 1582; x_wconf 78' lang='lat' dir='ltr'><strong>delatmn</strong></span> <span class='ocrx_word' id='word_1_77' title='bbox 449 1499 660 1598; x_wconf 80' lang='lat' dir='ltr'><strong>aequabiliter</strong></span> <span class='ocrx_word' id='word_1_78' title='bbox 677 1525 739 1596; x_wconf 88' lang='lat' dir='ltr'><strong>per</strong></span> <span class='ocrx_word' id='word_1_79' title='bbox 756 1499 925 1572; x_wconf 89' lang='lat' dir='ltr'><strong>ambitum</strong></span> <span class='ocrx_word' id='word_1_80' title='bbox 943 1493 1026 1588; x_wconf 76' lang='grc' dir='ltr'><strong>μονέ</strong></span> <span class='ocrx_word' id='word_1_81' title='bbox 1038 1501 1162 1574; x_wconf 88' lang='lat' dir='ltr'><strong>eodem</strong></span> 
     </span>
     <span class='ocr_line' id='line_1_11' title="bbox 150 1621 1161 1718; baseline 0.002 -24"><span class='ocrx_word' id='word_1_82' title='bbox 150 1639 305 1717; x_wconf 85' lang='lat' dir='ltr'><strong>tempore</strong></span> <span class='ocrx_word' id='word_1_83' title='bbox 329 1648 398 1718; x_wconf 88' lang='lat' dir='ltr'><strong>quo</strong></span> <span class='ocrx_word' id='word_1_84' title='bbox 421 1625 534 1718; x_wconf 90' lang='lat' dir='ltr'><strong>ipsum</strong></span> <span class='ocrx_word' id='word_1_85' title='bbox 552 1621 613 1693; x_wconf 81' lang='lat' dir='ltr'><strong>Sol</strong></span> <span class='ocrx_word' id='word_1_86' title='bbox 638 1625 815 1716; x_wconf 71' lang='lat' dir='ltr'><strong>percurrit.</strong></span> <span class='ocrx_word' id='word_1_87' title='bbox 841 1623 981 1696; x_wconf 79' lang='lat' dir='ltr'><strong>Delatus</strong></span> <span class='ocrx_word' id='word_1_88' title='bbox 1002 1627 1044 1694; x_wconf 88' lang='lat' dir='ltr'><strong>sit</strong></span> <span class='ocrx_word' id='word_1_89' title='bbox 1068 1629 1161 1696; x_wconf 86' lang='lat' dir='ltr'><strong>enim</strong></span> 
     </span>
     <span class='ocr_line' id='line_1_12' title="bbox 151 1744 1164 1840; baseline 0.004 -26"><span class='ocrx_word' id='word_1_90' title='bbox 151 1744 209 1816; x_wconf 88' lang='lat' dir='ltr'><strong>Sol</strong></span> <span class='ocrx_word' id='word_1_91' title='bbox 223 1769 286 1840; x_wconf 90' lang='lat' dir='ltr'><strong>per</strong></span> <span class='ocrx_word' id='word_1_92' title='bbox 297 1769 416 1814; x_wconf 89' lang='lat' dir='ltr'><strong>arcum</strong></span> <span class='ocrx_word' id='word_1_93' title='bbox 429 1745 578 1840; x_wconf 85' lang='lat' dir='ltr'><strong>aliquem</strong></span> <span class='ocrx_word' id='word_1_94' title='bbox 590 1745 626 1812; x_wconf 88' lang='lat' dir='ltr'><strong>in</strong></span> <span class='ocrx_word' id='word_1_95' title='bbox 642 1745 833 1817; x_wconf 82' lang='lat' dir='ltr'><strong>excentrica</strong></span> <span class='ocrx_word' id='word_1_96' title='bbox 845 1768 909 1838; x_wconf 89' lang='lat' dir='ltr'><strong>pro</strong></span> <span class='ocrx_word' id='word_1_97' title='bbox 923 1744 1063 1817; x_wconf 83' lang='lat' dir='ltr'><strong>arbitrio</strong></span> <span class='ocrx_word' id='word_1_98' title='bbox 1074 1771 1164 1818; x_wconf 87' lang='lat' dir='ltr'><strong>sum-</strong></span> 
     </span>
     <span class='ocr_line' id='line_1_13' title="bbox 150 1863 1164 1960; baseline 0.001 -24"><span class='ocrx_word' id='word_1_99' title='bbox 150 1881 226 1936; x_wconf 83' lang='lat' dir='ltr'><strong>tum</strong></span> <span class='ocrx_word' id='word_1_100' title='bbox 244 1893 299 1947; x_wconf 80' lang='lat' dir='ltr'><strong>ea,</strong></span> <span class='ocrx_word' id='word_1_101' title='bbox 320 1879 354 1936; x_wconf 87' lang='lat' dir='ltr'><strong>et</strong></span> <span class='ocrx_word' id='word_1_102' title='bbox 372 1864 516 1936; x_wconf 86' lang='lat' dir='ltr'><strong>ducatur</strong></span> <span class='ocrx_word' id='word_1_103' title='bbox 535 1866 591 1934; x_wconf 88' lang='grc' dir='ltr'><strong>πΗ</strong></span> <span class='ocrx_word' id='word_1_104' title='bbox 614 1864 719 1944; x_wconf 84' lang='lat' dir='ltr'><strong>linea,</strong></span> <span class='ocrx_word' id='word_1_105' title='bbox 746 1878 780 1934; x_wconf 90' lang='lat' dir='ltr'><strong>et</strong></span> <span class='ocrx_word' id='word_1_106' title='bbox 800 1865 848 1934; x_wconf 91' lang='lat' dir='ltr'><strong>illi</strong></span> <span class='ocrx_word' id='word_1_107' title='bbox 867 1865 906 1960; x_wconf 88' lang='grc' dir='ltr'><strong>ρθ</strong></span> <span class='ocrx_word' id='word_1_108' title='bbox 922 1863 1098 1960; x_wconf 81' lang='lat' dir='ltr'><strong>parallela‚</strong></span> <span class='ocrx_word' id='word_1_109' title='bbox 1117 1881 1164 1937; x_wconf 92' lang='lat' dir='ltr'><strong>at-</strong></span> 
     </span>
     <span class='ocr_line' id='line_1_14' title="bbox 152 1985 1164 2084; baseline 0 -26"><span class='ocrx_word' id='word_1_110' title='bbox 152 2013 219 2082; x_wconf 89' lang='lat' dir='ltr'><strong>que</strong></span> <span class='ocrx_word' id='word_1_111' title='bbox 237 1987 336 2063; x_wconf 84' lang='lat' dir='ltr'><strong>lineae</strong></span> <span class='ocrx_word' id='word_1_112' title='bbox 351 1987 407 2057; x_wconf 91' lang='grc' dir='ltr'><strong>θΗ</strong></span> <span class='ocrx_word' id='word_1_113' title='bbox 425 2012 521 2084; x_wconf 88' lang='lat' dir='ltr'><strong>aequa</strong></span> <span class='ocrx_word' id='word_1_114' title='bbox 540 2001 694 2058; x_wconf 89' lang='lat' dir='ltr'><strong>sumatur</strong></span> <span class='ocrx_word' id='word_1_115' title='bbox 712 2016 765 2081; x_wconf 83' lang='grc' dir='ltr'><strong>ορ,</strong></span> <span class='ocrx_word' id='word_1_116' title='bbox 787 2000 821 2056; x_wconf 86' lang='lat' dir='ltr'><strong>et</strong></span> <span class='ocrx_word' id='word_1_117' title='bbox 838 1986 982 2064; x_wconf 87' lang='lat' dir='ltr'><strong>ducatur</strong></span> <span class='ocrx_word' id='word_1_118' title='bbox 998 2015 1053 2059; x_wconf 82' lang='grc' dir='ltr'><strong>πο.</strong></span> <span class='ocrx_word' id='word_1_119' title='bbox 1072 1985 1164 2076; x_wconf 90' lang='lat' dir='ltr'><strong>Quc-</strong></span> 
     </span>
     <span class='ocr_line' id='line_1_15' title="bbox 152 2108 1165 2205; baseline 0.002 -27"><span class='ocrx_word' id='word_1_120' title='bbox 152 2110 245 2180; x_wconf 87' lang='lat' dir='ltr'><strong>niam</strong></span> <span class='ocrx_word' id='word_1_121' title='bbox 259 2108 357 2178; x_wconf 86' lang='lat' dir='ltr'><strong>lineae</strong></span> <span class='ocrx_word' id='word_1_122' title='bbox 371 2109 421 2178; x_wconf 87' lang='grc' dir='ltr'><strong>Ηθ</strong></span> <span class='ocrx_word' id='word_1_123' title='bbox 436 2121 470 2178; x_wconf 92' lang='lat' dir='ltr'><strong>et</strong></span> <span class='ocrx_word' id='word_1_124' title='bbox 483 2137 526 2178; x_wconf 87' lang='grc' dir='ltr'><strong>πο</strong></span> <span class='ocrx_word' id='word_1_125' title='bbox 538 2133 643 2204; x_wconf 86' lang='lat' dir='ltr'><strong>aequae</strong></span> <span class='ocrx_word' id='word_1_126' title='bbox 658 2122 759 2178; x_wconf 84' lang='lat' dir='ltr'><strong>erunt</strong></span> <span class='ocrx_word' id='word_1_127' title='bbox 773 2122 808 2176; x_wconf 88' lang='lat' dir='ltr'><strong>et</strong></span> <span class='ocrx_word' id='word_1_128' title='bbox 819 2109 1002 2201; x_wconf 84' lang='lat' dir='ltr'><strong>parallelae‚</strong></span> <span class='ocrx_word' id='word_1_129' title='bbox 1021 2122 1055 2178; x_wconf 88' lang='lat' dir='ltr'><strong>et</strong></span> <span class='ocrx_word' id='word_1_130' title='bbox 1069 2135 1165 2205; x_wconf 75' lang='lat' dir='ltr'><strong>aequa</strong></span> 
     </span>
     <span class='ocr_line' id='line_1_16' title="bbox 154 2229 1165 2328; baseline 0.004 -30"><span class='ocrx_word' id='word_1_131' title='bbox 154 2243 203 2299; x_wconf 88' lang='lat' dir='ltr'><strong>est</strong></span> <span class='ocrx_word' id='word_1_132' title='bbox 216 2229 306 2300; x_wconf 86' lang='lat' dir='ltr'><strong>linea</strong></span> <span class='ocrx_word' id='word_1_133' title='bbox 320 2229 373 2300; x_wconf 88' lang='grc' dir='ltr'><strong>θΗ</strong></span> <span class='ocrx_word' id='word_1_134' title='bbox 387 2229 486 2300; x_wconf 79' lang='lat' dir='ltr'><strong>lineae</strong></span> <span class='ocrx_word' id='word_1_135' title='bbox 502 2258 556 2318; x_wconf 79' lang='grc' dir='ltr'><strong>με,</strong></span> <span class='ocrx_word' id='word_1_136' title='bbox 574 2229 610 2299; x_wconf 92' lang='lat' dir='ltr'><strong>id</strong></span> <span class='ocrx_word' id='word_1_137' title='bbox 626 2243 675 2299; x_wconf 88' lang='lat' dir='ltr'><strong>est</strong></span> <span class='ocrx_word' id='word_1_138' title='bbox 690 2233 792 2302; x_wconf 89' lang='lat' dir='ltr'><strong>etiam</strong></span> <span class='ocrx_word' id='word_1_139' title='bbox 806 2229 904 2300; x_wconf 84' lang='lat' dir='ltr'><strong>lineis</strong></span> <span class='ocrx_word' id='word_1_140' title='bbox 919 2259 957 2328; x_wconf 83' lang='grc' dir='ltr'><strong>ορ</strong></span> <span class='ocrx_word' id='word_1_141' title='bbox 974 2245 1007 2301; x_wconf 91' lang='lat' dir='ltr'><strong>et</strong></span> <span class='ocrx_word' id='word_1_142' title='bbox 1023 2259 1081 2312; x_wconf 80' lang='grc' dir='ltr'><strong>οπ,</strong></span> <span class='ocrx_word' id='word_1_143' title='bbox 1101 2234 1165 2302; x_wconf 88' lang='lat' dir='ltr'><strong>cir·</strong></span> 
     </span>
     <span class='ocr_line' id='line_1_17' title="bbox 154 2349 1169 2448; baseline 0 -26"><span class='ocrx_word' id='word_1_144' title='bbox 154 2351 251 2436; x_wconf 82' lang='lat' dir='ltr'><strong>culus</strong></span> <span class='ocrx_word' id='word_1_145' title='bbox 274 2375 353 2448; x_wconf 84' lang='lat' dir='ltr'><strong>ergo</strong></span> <span class='ocrx_word' id='word_1_146' title='bbox 377 2376 395 2420; x_wconf 91' lang='lat' dir='ltr'><strong>e</strong></span> <span class='ocrx_word' id='word_1_147' title='bbox 419 2365 537 2422; x_wconf 91' lang='lat' dir='ltr'><strong>centro</strong></span> <span class='ocrx_word' id='word_1_148' title='bbox 562 2379 595 2432; x_wconf 88' lang='grc' dir='ltr'><strong>ο,</strong></span> <span class='ocrx_word' id='word_1_149' title='bbox 615 2350 711 2422; x_wconf 92' lang='lat' dir='ltr'><strong>radio</strong></span> <span class='ocrx_word' id='word_1_150' title='bbox 732 2378 785 2447; x_wconf 84' lang='grc' dir='ltr'><strong>ορ,</strong></span> <span class='ocrx_word' id='word_1_151' title='bbox 805 2349 992 2446; x_wconf 86' lang='lat' dir='ltr'><strong>descriptus</strong></span> <span class='ocrx_word' id='word_1_152' title='bbox 1014 2350 1169 2423; x_wconf 79' lang='lat' dir='ltr'><strong>trarmibit</strong></span> 
     </span>
     <span class='ocr_line' id='line_1_18' title="bbox 155 2471 1167 2571; baseline 0.003 -29"><span class='ocrx_word' id='word_1_153' title='bbox 155 2475 257 2543; x_wconf 90' lang='lat' dir='ltr'><strong>etiam</strong></span> <span class='ocrx_word' id='word_1_154' title='bbox 277 2498 338 2567; x_wconf 87' lang='lat' dir='ltr'><strong>per</strong></span> <span class='ocrx_word' id='word_1_155' title='bbox 355 2487 524 2567; x_wconf 89' lang='lat' dir='ltr'><strong>punctum</strong></span> <span class='ocrx_word' id='word_1_156' title='bbox 542 2503 581 2553; x_wconf 84' lang='grc' dir='ltr'><strong>π,</strong></span> <span class='ocrx_word' id='word_1_157' title='bbox 602 2488 636 2543; x_wconf 83' lang='lat' dir='ltr'><strong>et</strong></span> <span class='ocrx_word' id='word_1_158' title='bbox 654 2472 746 2542; x_wconf 90' lang='lat' dir='ltr'><strong>idem</strong></span> <span class='ocrx_word' id='word_1_159' title='bbox 765 2475 828 2542; x_wconf 87' lang='lat' dir='ltr'><strong>erit</strong></span> <span class='ocrx_word' id='word_1_160' title='bbox 846 2487 946 2570; x_wconf 87' lang='lat' dir='ltr'><strong>atque</strong></span> <span class='ocrx_word' id='word_1_161' title='bbox 964 2471 1038 2556; x_wconf 80' lang='grc' dir='ltr'><strong><em>εζηκ</em></strong></span> <span class='ocrx_word' id='word_1_162' title='bbox 1055 2476 1167 2571; x_wconf 83' lang='lat' dir='ltr'><strong>epicy-</strong></span> 
     </span>
    </p>
   </div>
   <div class='ocr_carea' id='block_1_3' title="bbox 148 2691 1167 2980">
    <p class='ocr_par' dir='ltr' id='par_1_3' title="bbox 148 2691 1167 2980">
     <span class='ocr_line' id='line_1_19' title="bbox 188 2691 1167 2780; baseline 0.007 -30"><span class='ocrx_word' id='word_1_163' title='bbox 188 2691 206 2720; x_wconf 73' lang='lat'><strong>¹⁸</strong></span> <span class='ocrx_word' id='word_1_164' title='bbox 231 2692 264 2750; x_wconf 90' lang='lat' dir='ltr'><strong>ln</strong></span> <span class='ocrx_word' id='word_1_165' title='bbox 279 2691 378 2752; x_wconf 91' lang='lat' dir='ltr'><strong>codice</strong></span> <span class='ocrx_word' id='word_1_166' title='bbox 394 2697 428 2752; x_wconf 77' lang='grc' dir='ltr'><strong>ἐκ</strong></span> <span class='ocrx_word' id='word_1_167' title='bbox 442 2705 471 2753; x_wconf 91' lang='lat' dir='ltr'><strong>et</strong></span> <span class='ocrx_word' id='word_1_168' title='bbox 485 2695 604 2776; x_wconf 84' lang='lat' dir='ltr'><strong>signum</strong></span> <span class='ocrx_word' id='word_1_169' title='bbox 619 2695 697 2756; x_wconf 80' lang='lat' dir='ltr'><strong>vocis</strong></span> <span class='ocrx_word' id='word_1_170' title='bbox 712 2698 843 2776; x_wconf 75' lang='grc' dir='ltr'><strong>κέντρον.</strong></span> <span class='ocrx_word' id='word_1_171' title='bbox 854 2693 927 2778; x_wconf 77' lang='lat' dir='ltr'><strong>Vide</strong></span> <span class='ocrx_word' id='word_1_172' title='bbox 937 2695 1008 2756; x_wconf 86' lang='lat' dir='ltr'><strong>Tab.</strong></span> <span class='ocrx_word' id='word_1_173' title='bbox 1020 2715 1052 2764; x_wconf 80' lang='lat' dir='ltr'><strong>a,</strong></span> <span class='ocrx_word' id='word_1_174' title='bbox 1063 2703 1124 2757; x_wconf 76' lang='lat' dir='ltr'><strong>n‘a</strong></span> <span class='ocrx_word' id='word_1_175' title='bbox 1141 2720 1167 2780; x_wconf 78' lang='lat'><strong>9.</strong></span> 
     </span>
     <span class='ocr_line' id='line_1_20' title="bbox 148 2793 1013 2877; baseline 0.006 -24"><span class='ocrx_word' id='word_1_176' title='bbox 148 2800 150 2803; x_wconf 76' lang='grc'><strong>’</strong></span> <span class='ocrx_word' id='word_1_177' title='bbox 188 2793 209 2822; x_wconf 75' lang='lat'><strong>¹⁵</strong></span> <span class='ocrx_word' id='word_1_178' title='bbox 231 2793 264 2853; x_wconf 89' lang='lat' dir='ltr'><strong>In</strong></span> <span class='ocrx_word' id='word_1_179' title='bbox 281 2795 380 2855; x_wconf 88' lang='lat' dir='ltr'><strong>codice</strong></span> <span class='ocrx_word' id='word_1_180' title='bbox 395 2795 514 2877; x_wconf 89' lang='lat' dir='ltr'><strong>signum</strong></span> <span class='ocrx_word' id='word_1_181' title='bbox 529 2795 613 2857; x_wconf 86' lang='lat' dir='ltr'><strong>Solis.</strong></span> <span class='ocrx_word' id='word_1_182' title='bbox 627 2797 701 2858; x_wconf 88' lang='lat' dir='ltr'><strong>Vide</strong></span> <span class='ocrx_word' id='word_1_183' title='bbox 716 2795 859 2856; x_wconf 87' lang='lat' dir='ltr'><strong>Tabulam</strong></span> <span class='ocrx_word' id='word_1_184' title='bbox 875 2815 907 2866; x_wconf 78' lang='lat' dir='ltr'><strong>n,</strong></span> <span class='ocrx_word' id='word_1_185' title='bbox 920 2803 952 2855; x_wconf 80' lang='lat' dir='ltr'><strong>n⁰</strong></span> <span class='ocrx_word' id='word_1_186' title='bbox 968 2820 1013 2858; x_wconf 87' lang='lat'><strong>11.</strong></span> 
     </span>
     <span class='ocr_line' id='line_1_21' title="bbox 191 2896 457 2980; baseline 0.004 -23"><span class='ocrx_word' id='word_1_187' title='bbox 191 2897 209 2925; x_wconf 80' lang='lat'><strong>¹⁶</strong></span> <span class='ocrx_word' id='word_1_188' title='bbox 233 2896 357 2980; x_wconf 82' lang='lat' dir='ltr'><strong>Signum</strong></span> <span class='ocrx_word' id='word_1_189' title='bbox 372 2897 457 2958; x_wconf 84' lang='lat' dir='ltr'><strong>Solis.</strong></span> 
     </span>
    </p>
   </div>
   <div class='ocr_carea' id='block_1_4' title="bbox 191 2997 555 3164">
    <p class='ocr_par' dir='ltr' id='par_1_4' title="bbox 191 2997 555 3164">
     <span class='ocr_line' id='line_1_22' title="bbox 191 2997 555 3070; baseline 0.011 -14"><span class='ocrx_word' id='word_1_190' title='bbox 191 2997 209 3026; x_wconf 89' lang='lat'><strong>¹⁷</strong></span> <span class='ocrx_word' id='word_1_191' title='bbox 232 2999 266 3060; x_wconf 89' lang='lat' dir='ltr'><strong>lu</strong></span> <span class='ocrx_word' id='word_1_192' title='bbox 281 3000 380 3060; x_wconf 87' lang='lat' dir='ltr'><strong>codice</strong></span> <span class='ocrx_word' id='word_1_193' title='bbox 395 3021 455 3060; x_wconf 91' lang='lat' dir='ltr'><strong>non</strong></span> <span class='ocrx_word' id='word_1_194' title='bbox 471 3012 514 3060; x_wconf 87' lang='lat' dir='ltr'><strong>est</strong></span> <span class='ocrx_word' id='word_1_195' title='bbox 529 3007 555 3070; x_wconf 79' lang='grc' dir='ltr'><strong>ἡ.</strong></span> 
     </span>
     <span class='ocr_line' id='line_1_23' title="bbox 193 3101 437 3164; baseline 0 -2"><span class='ocrx_word' id='word_1_196' title='bbox 193 3101 212 3130; x_wconf 83' lang='lat'><strong>¹⁸</strong></span> <span class='ocrx_word' id='word_1_197' title='bbox 234 3103 267 3162; x_wconf 89' lang='lat' dir='ltr'><strong>ln</strong></span> <span class='ocrx_word' id='word_1_198' title='bbox 282 3103 380 3164; x_wconf 80' lang='lat' dir='ltr'><strong>codice</strong></span> <span class='ocrx_word' id='word_1_199' title='bbox 394 3108 437 3164; x_wconf 88' lang='grc' dir='ltr'><strong>θο.</strong></span> 
     </span>
    </p>
   </div>
   <div class='ocr_carea' id='block_1_5' title="bbox 160 3203 1169 3489">
    <p class='ocr_par' dir='ltr' id='par_1_5' title="bbox 160 3203 1169 3489">
     <span class='ocr_line' id='line_1_24' title="bbox 193 3203 1169 3290; baseline 0.009 -29"><span class='ocrx_word' id='word_1_200' title='bbox 193 3203 213 3232; x_wconf 77' lang='lat'><strong>¹⁹</strong></span> <span class='ocrx_word' id='word_1_201' title='bbox 236 3204 269 3262; x_wconf 89' lang='lat' dir='ltr'><strong>ln</strong></span> <span class='ocrx_word' id='word_1_202' title='bbox 284 3206 383 3267; x_wconf 90' lang='lat' dir='ltr'><strong>codice</strong></span> <span class='ocrx_word' id='word_1_203' title='bbox 397 3210 442 3290; x_wconf 83' lang='grc' dir='ltr'><strong>θρ.</strong></span> <span class='ocrx_word' id='word_1_204' title='bbox 463 3208 667 3290; x_wconf 86' lang='lat' dir='ltr'><strong>Antiquiorem</strong></span> <span class='ocrx_word' id='word_1_205' title='bbox 686 3209 816 3271; x_wconf 82' lang='lat' dir='ltr'><strong>codicem</strong></span> <span class='ocrx_word' id='word_1_206' title='bbox 836 3209 1001 3271; x_wconf 80' lang='lat' dir='ltr'><strong>exscribens</strong></span> <span class='ocrx_word' id='word_1_207' title='bbox 1020 3209 1169 3278; x_wconf 78' lang='lat' dir='ltr'><strong>librarius.</strong></span> 
     </span>
     <span class='ocr_line' id='line_1_25' title="bbox 160 3307 845 3391; baseline 0.012 -26"><span class='ocrx_word' id='word_1_208' title='bbox 160 3307 211 3366; x_wconf 91' lang='lat' dir='ltr'><strong>ubi</strong></span> <span class='ocrx_word' id='word_1_209' title='bbox 226 3318 287 3370; x_wconf 81' lang='lat' dir='ltr'><strong>eret</strong></span> <span class='ocrx_word' id='word_1_210' title='bbox 300 3307 394 3369; x_wconf 83' lang='lat' dir='ltr'><strong>littera</strong></span> <span class='ocrx_word' id='word_1_211' title='bbox 405 3315 444 3378; x_wconf 90' lang='lat'><strong>0,</strong></span> <span class='ocrx_word' id='word_1_212' title='bbox 461 3331 524 3371; x_wconf 85' lang='lat' dir='ltr'><strong>esse</strong></span> <span class='ocrx_word' id='word_1_213' title='bbox 536 3309 657 3391; x_wconf 83' lang='lat' dir='ltr'><strong>credidit</strong></span> <span class='ocrx_word' id='word_1_214' title='bbox 671 3311 796 3373; x_wconf 80' lang='lat' dir='ltr'><strong>litteram</strong></span> <span class='ocrx_word' id='word_1_215' title='bbox 810 3318 845 3372; x_wconf 90' lang='grc' dir='ltr'><strong>Θ.</strong></span> 
     </span>
     <span class='ocr_line' id='line_1_26' title="bbox 191 3407 446 3489; baseline 0.016 -21"><span class='ocrx_word' id='word_1_216' title='bbox 191 3407 213 3437; x_wconf 87' lang='lat'><strong>²⁰</strong></span> <span class='ocrx_word' id='word_1_217' title='bbox 235 3409 269 3469; x_wconf 86' lang='lat' dir='ltr'><strong>ln</strong></span> <span class='ocrx_word' id='word_1_218' title='bbox 284 3411 382 3470; x_wconf 90' lang='lat' dir='ltr'><strong>codice</strong></span> <span class='ocrx_word' id='word_1_219' title='bbox 397 3435 446 3489; x_wconf 86' lang='grc' dir='ltr'><strong>μσ.</strong></span> 
     </span>
    </p>
   </div>
   <div class='ocr_carea' id='block_1_6' title="bbox 160 3511 1172 3699">
    <p class='ocr_par' dir='ltr' id='par_1_6' title="bbox 160 3511 1172 3699">
     <span class='ocr_line' id='line_1_27' title="bbox 191 3511 1172 3602; baseline 0.008 -32"><span class='ocrx_word' id='word_1_220' title='bbox 191 3511 212 3542; x_wconf 82' lang='lat'><strong>²¹</strong></span> <span class='ocrx_word' id='word_1_221' title='bbox 236 3513 270 3571; x_wconf 89' lang='lat' dir='ltr'><strong>ln</strong></span> <span class='ocrx_word' id='word_1_222' title='bbox 286 3513 384 3574; x_wconf 87' lang='lat' dir='ltr'><strong>codice</strong></span> <span class='ocrx_word' id='word_1_223' title='bbox 399 3515 505 3597; x_wconf 83' lang='lat' dir='ltr'><strong>legitur</strong></span> <span class='ocrx_word' id='word_1_224' title='bbox 524 3524 617 3586; x_wconf 78' lang='grc' dir='ltr'><strong><em>τουτί,</em></strong></span> <span class='ocrx_word' id='word_1_225' title='bbox 632 3519 714 3602; x_wconf 90' lang='lat' dir='ltr'><strong>quod</strong></span> <span class='ocrx_word' id='word_1_226' title='bbox 733 3531 830 3580; x_wconf 86' lang='lat' dir='ltr'><strong>ortum</strong></span> <span class='ocrx_word' id='word_1_227' title='bbox 851 3532 894 3580; x_wconf 88' lang='lat' dir='ltr'><strong>est</strong></span> <span class='ocrx_word' id='word_1_228' title='bbox 910 3541 926 3580; x_wconf 89' lang='lat' dir='ltr'><strong>e</strong></span> <span class='ocrx_word' id='word_1_229' title='bbox 943 3520 1076 3580; x_wconf 62' lang='lat' dir='ltr'><strong>ruscea</strong></span> <span class='ocrx_word' id='word_1_230' title='bbox 1094 3539 1172 3578; x_wconf 90' lang='lat' dir='ltr'><strong>com-</strong></span> 
     </span>
     <span class='ocr_line' id='line_1_28' title="bbox 160 3615 430 3699; baseline 0.007 -23"><span class='ocrx_word' id='word_1_231' title='bbox 160 3615 302 3698; x_wconf 84' lang='lat' dir='ltr'><strong>pendiose</strong></span> <span class='ocrx_word' id='word_1_232' title='bbox 316 3618 430 3699; x_wconf 82' lang='lat' dir='ltr'><strong>scripto.</strong></span> 
     </span>
    </p>
   </div>
   <div class='ocr_carea' id='block_1_7' title="bbox 192 3716 679 3907">
    <p class='ocr_par' dir='ltr' id='par_1_7' title="bbox 192 3716 679 3925">
     <span class='ocr_line' id='line_1_29' title="bbox 192 3716 518 3805; baseline 0.015 -28"><span class='ocrx_word' id='word_1_233' title='bbox 192 3716 214 3747; x_wconf 84' lang='lat'><strong>²¹</strong></span> <span class='ocrx_word' id='word_1_234' title='bbox 237 3718 271 3778; x_wconf 92' lang='lat' dir='ltr'><strong>ln</strong></span> <span class='ocrx_word' id='word_1_235' title='bbox 287 3719 386 3782; x_wconf 77' lang='lat' dir='ltr'><strong>codice</strong></span> <span class='ocrx_word' id='word_1_236' title='bbox 400 3725 518 3805; x_wconf 71' lang='grc' dir='ltr'><strong>κέντρω.</strong></span> 
     </span>
     <span class='ocr_line' id='line_1_30' title="bbox 193 3821 679 3907; baseline 0.019 -28"><span class='ocrx_word' id='word_1_237' title='bbox 193 3821 215 3850; x_wconf 73' lang='lat'><strong>²³</strong></span> <span class='ocrx_word' id='word_1_238' title='bbox 238 3821 271 3880; x_wconf 90' lang='lat' dir='ltr'><strong>ln</strong></span> <span class='ocrx_word' id='word_1_239' title='bbox 287 3821 386 3883; x_wconf 87' lang='lat' dir='ltr'><strong>codice</strong></span> <span class='ocrx_word' id='word_1_240' title='bbox 400 3831 440 3905; x_wconf 83' lang='grc' dir='ltr'><strong>τῷ</strong></span> <span class='ocrx_word' id='word_1_241' title='bbox 456 3847 473 3906; x_wconf 86' lang='grc' dir='ltr'><strong>ρ</strong></span> <span class='ocrx_word' id='word_1_242' title='bbox 486 3827 679 3907; x_wconf 69' lang='grc' dir='ltr'><em>γραφόμενος.</em></span> 
     </span>
    </p>
   </div>
   <div class='ocr_carea' id='block_1_8' title="bbox 0 0 1507 4824">
    <p class='ocr_par' dir='ltr' id='par_1_8' title="bbox 0 0 1507 4824">
     <span class='ocr_line' id='line_1_31' title="bbox 0 0 1507 4824; baseline 0 0"><span class='ocrx_word' id='word_1_243' title='bbox 0 0 1507 4824; x_wconf 95' lang='lat' dir='ltr'><strong> </strong></span> 
     </span>
    </p>
   </div>
  </div>
 </body>
</html>
