3016 4826
488 423 543 483 DE
566 423 858 484 AS'l'llONOlllld.
1116 425 1176 484 339

175 575 250 620 eam
261 549 366 618 modo
376 546 497 643 quaelit
508 563 668 643 tanquam
683 551 811 618 circum
827 547 1015 642 cylindrum
1032 546 1086 642 [ab
1097 547 1176 641 una]

175 685 305 760 septura
316 670 359 740 ad
370 670 525 748 alteram,
538 668 597 738 sed
611 673 711 738 etiam
724 693 799 738 eam
813 693 889 762 quae
899 667 937 738 sit
944 683 1105 764 tanquam
1117 669 1176 764 [in]

175 795 323 889 planitia.
341 791 630 886 Quandoquidem
643 794 735 859 enim
753 815 793 858 ex
809 789 942 859 infinito
963 805 1117 884 tempore
1135 789 1177 859 ab

176 939 246 986 uno
265 913 424 1008 parallelo
443 913 570 980 circulo
588 911 629 980 ad
648 912 792 980 alterum
810 925 986 980 transeunt
1005 925 1037 980 et
1053 909 1096 980 ab
1114 912 1179 980 hoc

175 1060 290 1106 rursus
304 1034 346 1104 ad
359 1033 535 1110 eumdem,
550 1047 584 1102 et
601 1031 684 1100 illud
699 1047 863 1126 perpetuo
877 1058 914 1102 ac
928 1037 998 1100 sine
1013 1037 1179 1102 intermis-
1261 1105 1264 1118 v

175 1161 270 1228 sione
286 1155 428 1236 faciunt,
447 1159 473 1224 si
491 1155 542 1223 vel
560 1167 674 1222 mente
698 1157 928 1247 concipiamus
950 1169 1055 1224 rectas
1076 1155 1180 1224 lineas

176 1283 210 1346 in
218 1276 388 1347 infinitum
398 1289 568 1370 porrectas
580 1299 650 1363 esse
658 1276 834 1368 parallelos
849 1277 1001 1354 circulos,
1017 1301 1055 1344 ac
1066 1300 1181 1344 secun-

177 1399 343 1480 dumeas,
359 1398 481 1470 eodem
497 1421 611 1468 versus
629 1421 698 1490 quo
710 1397 858 1467 volvitur
871 1401 1021 1468 inerrans
1033 1397 1178 1492 sphaera,

111 1539 122 1544 ·’
175 1519 334 1616 progredi
347 1534 432 1589 astra
446 1521 605 1598 errantia,
620 1531 715 1587 nuno
729 1517 873 1586 hiberno
888 1542 1003 1594 cursu,
1021 1543 1113 1587 nunc
1126 1543 1183 1586 aes-

176 1647 260 1724 tiuo,
277 1646 312 1711 in
327 1641 498 1712 inlinitum
511 1645 635 1736 spiram
650 1639 871 1712 describantia
888 1667 925 1712 ea
939 1645 1181 1736 invenirepos-

176 1767 292 1834 simus
312 1764 439 1858 Atque,
458 1777 598 1857 propter
613 1764 816 1832 continuum
835 1778 1070 1858 aeternumque
1087 1778 1181 1832 teno-

177 1909 252 1956 rem
271 1883 401 1980 obliqui
422 1885 550 1954 circum
573 1883 739 1978 sphaeram
760 1909 822 1978 per
840 1885 1017 1978 parallelos
1039 1885 1183 1956 circulos

178 2030 309 2081 cursus,
325 2006 435 2075 simile
443 2003 489 2074 :fit
506 2006 570 2075 illis
585 2008 648 2074 iter
663 2005 803 2100 obliquo
820 2007 868 2074 illi
886 2030 948 2100 per
961 2019 1069 2075 rectas
1083 2009 1119 2073 in
1135 2009 1183 2072 in-

178 2126 313 2198 finitum
329 2140 488 2197 extensas
512 2126 618 2196 lineas
643 2128 769 2203 itineri,
798 2141 835 2195 ut
859 2127 1044 2198 ostendunt
1066 2123 1183 2196 subtus
1270 2159 1320 2226 aaa

178 2251 294 2342 positae
312 2247 560 2343 descriptiones.
574 2246 676 2318 ·Duas
699 2273 778 2341 ergo
800 2273 861 2342 per
884 2248 1038 2318 accidens
1061 2248 1183 2320 deseri·
1218 2215 1373 2314 lillll'lil.

179 2370 267 2440 bunt
281 2373 399 2464 spiras,
420 2394 527 2464 ¹unam
544 2383 707 2464 tanquam
728 2373 856 2440 circum
878 2369 1083 2466 cylindrum,
1103 2370 1182 2439 alte·
1236 2407 1243 2418 ·

179 2515 252 2560 ram
270 2483 431 2584 tanquam
449 2479 486 2558 iri
503 2491 651 2584 planitia.

477 2649 484 2656 ,
590 2690 775 2759 terinaeus]

233 2854 351 2924 Haecce
376 2855 515 2950 quidem
538 2869 617 2924 sunt
638 2859 781 2924 maxime
798 2839 989 2924 ¹'necessaria
1017 2871 1117 2950 atque
1147 2881 1185 2924 cx

181 2979 384 3046 astronomia
401 2979 570 3070 praecipue
589 2974 802 3053 conferentia
813 2975 855 3044 ad
873 2975 1122 3068 platonicorum
1146 2977 1184 3044 li-

181 3095 325 3166 brorum
338 3090 532 3166 lectionem.
550 3095 723 3183 Quoniam
741 3109 854 3166 autem
873 3096 1016 3167 diximus
1032 3101 1184 3168 musicen

182 3231 215 3286 et
233 3218 446 3288 harmoniam
467 3241 537 3288 esse
555 3219 677 3312 partim
695 3220 731 3286 in
750 3221 897 3314 organis,
917 3221 1040 3313 partim
1063 3221 1097 3288 in
1122 3245 1184 3288 nu-

181 3342 296 3419 meris,
316 3354 350 3410 et
367 3343 541 3433 partimin
558 3337 704 3420 mundo,
722 3365 759 3409 ac
776 3339 817 3408 de
834 3339 890 3409 illa
906 3365 982 3436 quae
1000 3345 1034 3410 in
1055 3341 1184 3411 mundo

182 3475 231 3530 est
248 3465 432 3530 necessaria
449 3465 562 3531 omnia
582 3487 644 3531 nos
659 3461 840 3550 tradituros
860 3465 1087 3562 nuntiavimus
1104 3488 1183 3534 oon-

225 3635 234 3662 ⁵
253 3635 385 3694 ‘Titulum
400 3636 478 3694 hunc
493 3635 668 3696 addidimus.
683 3637 716 3697 ln·
726 3639 837 3705 codice,
850 3649 914 3719 post
924 3637 1075 3704 ἐπιπέδου,
1091 3640 1183 3718 sequi·
1240 3622 1243 3628 ¹

182 3751 229 3796 tur
241 3743 334 3804 rauel,
351 3750 459 3819 puncto
473 3751 584 3798 tantum
599 3741 775 3822 interposito.
1030 3741 1037 3746 “

225 3840 234 3867 ⁸
257 3841 289 3899 ln
306 3840 403 3900 codice
418 3845 577 3920 κυριότατα.
670 3851 674 3860 “
