2964 4824
462 387 517 446 DE
542 385 836 448 ASTRONOMIA.
1093 389 1149 450 301

548 561 641 617 [cAPUT
657 561 760 618 xxxiva

147 657 315 724 [urlctctts
333 655 480 705 UTENDUM
496 655 569 706 ESSE
586 655 696 705 POTIUS
713 656 800 715 QUAM
818 655 1037 712 Excunrfltcts,
1055 657 1094 705 ET
1107 655 1155 706 sic
1211 669 1215 678 ’

416 740 564 789 VOLUISSE
582 741 678 788 ΕΤΙΑΜ
696 739 883 804 rimosum]

198 875 338 946 Clarum
349 891 535 955 testantem,
549 901 658 970 quum
667 887 807 969 propter
818 873 921 942 dictas
929 897 1042 942 causas
1052 874 1156 970 hypo-

142 997 247 1096 thesis
256 1011 399 1092 utraque
414 998 553 1066 aiteram
567 1008 736 1092 sequatur,
754 996 1027 1063 communiorem
1041 999 1155 1090 magis-

145 1144 213 1214 que
223 1119 465 1198 universalem,
477 1144 515 1187 ac
527 1121 572 1198 ei,
585 1143 660 1212 quae
669 1130 797 1186 naturae
805 1141 921 1185 rerum
931 1131 1155 1186 consentanea

146 1254 210 1320 est,
222 1243 412 1334 proximam
422 1239 530 1311 videri
538 1237 946 1335 hypothesimsecundum
955 1239 1155 1334 epicyclum.

145 1362 230 1432 Nam
252 1363 387 1432 alterius
405 1361 544 1456 sphaerae
560 1363 727 1430 maximus
743 1361 902 1441 circulus,
920 1387 1022 1455 quem
1042 1385 1102 1431 suo
1121 1364 1155 1430 in

146 1465 217 1578 ipsa
230 1499 264 1554 et
273 1486 403 1554 circum
416 1487 523 1578 ipsam
537 1497 634 1555 motu
645 1481 804 1552 describit
819 1483 1000 1552 erraticum
1012 1497 1154 1560 astrum,

147 1607 314 1701 epioyclus
333 1619 397 1688 est;
423 1607 631 1674 excentricus
653 1629 735 1676 vero
759 1605 901 1674 omnino
924 1603 1091 1698 discrepat
1113 1601 1156 1673 ab

146 1753 186 1797 eo
206 1731 265 1822 qui
284 1741 333 1797 est
350 1727 540 1797 secundum
563 1741 734 1806 naturam,
756 1741 789 1796 et
812 1729 917 1821 magis
938 1753 993 1822 per
1015 1725 1156 1796 accidens

145 1848 355 1930 describitur.
383 1847 489 1944 Cujus
518 1848 656 1944 quidem
685 1850 735 1918 rei
761 1851 915 1918 conscius
943 1847 1158 1943 Hipparchus

144 1971 359 2066 hypothesim
381 1969 571 2040 secundum
591 1971 781 2066 epicyclum
799 1969 915 2040 laudat
938 1985 976 2040 ut
998 1969 1062 2040 sihi
1081 1994 1157 2064 pro-

145 2077 269 2186 priam,
290 2090 357 2161 fide
376 2091 508 2186 dignius
530 2117 598 2161 esse
622 2091 736 2160 dicens
760 2116 836 2185 erga
859 2091 980 2160 mundi
1002 2090 1155 2160 medium

146 2214 292 2283 coelestia
311 2217 425 2286 omnia
444 2213 486 2283 ab
506 2217 602 2284 omni
620 2227 714 2308 parte
732 2239 802 2281 esse
818 2212 1030 2307 aequabiliter
1047 2216 1106 2282 sita
1124 2229 1157 2283 et

145 2337 298 2406 similiter
313 2361 392 2406 cum
412 2360 453 2406 eo
471 2335 685 2408 cohaerentia.
703 2335 772 2406 Nec
792 2337 862 2429 ipse
880 2349 1013 2415 tamen,
1030 2337 1157 2430 quippe

145 2460 289 2527 naturali
302 2461 441 2527 scientia
455 2483 526 2528 non
533 2460 706 2537 munitus,
719 2470 874 2526 accurate
890 2457 1055 2526 intellexit
1070 2459 1158 2552 quis-

146 2605 225 2648 nam
245 2583 286 2649 sit
305 2593 551 2650 consentaneus
574 2593 702 2648 naturae
726 2593 759 2647 et
780 2603 880 2648 verus
904 2577 981 2647 ideo
1001 2582 1157 2649 erratico-

144 2726 222 2772 rum
251 2717 419 2772 astrorum
447 2701 574 2782 motus'‚
606 2717 639 2772 et
667 2704 824 2796 quisnam
849 2725 912 2794 per
936 2700 1090 2772 accidens
1118 2729 1157 2772 ac

145 2827 255 2917 specie
273 2839 403 2895 tantum
422 2827 581 2908 existens3
600 2824 659 2894 sed
677 2825 748 2918 ipse
766 2826 867 2892 etiam
885 2826 982 2916 ponit
1000 2826 1157 2894 uniuscu-

189 2987 197 3011 ⁸
220 2988 276 3049 Pro
291 2991 395 3058 οὖσαν,
416 2990 447 3048 in
467 2989 565 3050 codice
580 2988 687 3070 legitur
704 2994 767 3054 οὓς,
785 3001 813 3047 et
831 3009 919 3069 supra
934 3011 948 3047 s
963 3000 1006 3048 est
1020 2990 1155 3072 signum,

145 3090 225 3171 quod
240 3091 271 3148 in
286 3112 390 3152 vocum
405 3090 466 3150 fine
478 3113 531 3173 pro
547 3113 580 3150 ον
594 3113 656 3150 esse
670 3092 750 3151 solet.
769 3089 841 3152 Vide
859 3091 999 3150 Bernardi
1012 3091 1048 3150 de
1064 3094 1157 3160 Mont-

145 3190 250 3251 faucon
265 3191 401 3277 Palaeopr.
417 3216 457 3276 pr.
474 3215 502 3275 p.
520 3192 591 3259 346.

189 3294 197 3322 ⁹
220 3295 253 3353 In
269 3296 367 3356 codice
383 3292 495 3356 εάυτοῦ.

78 3431 83 3438 ·
178 3397 198 3426 ¹⁰
220 3397 369 3481 Scriptum
381 3412 424 3460 est
437 3403 565 3469 undaro,
581 3415 609 3462 et
622 3425 658 3485 τρ
673 3423 761 3484 supra
776 3425 807 3462 ω.
817 3403 890 3464 Vide
900 3403 969 3462 Tab.
980 3425 1011 3471 n,
1026 3411 1057 3462 n⁰
1074 3405 1112 3466 26
1130 3406 1144 3462 b
1163 3455 1167 3464 .

179 3501 196 3530 ¹¹
219 3501 367 3584 Scriptum
382 3513 425 3574 est
438 3507 638 3586 συνειρηκότα.
690 3525 693 3536 “

179 3604 199 3634 ¹¹
221 3606 254 3665 In
269 3605 369 3666 codice
382 3605 489 3688 legitur
502 3628 556 3667 vox
570 3605 750 3686 ἐφοδιᾶσθαι,
765 3631 830 3690 quae
841 3631 933 3691 graeca
945 3630 1005 3668 non
1019 3623 1069 3670 est.

180 3709 199 3738 ¹³
222 3711 256 3770 In
274 3709 373 3770 codice
393 3711 533 3792 scriptum
551 3710 606 3772 fuit
620 3715 724 3780 ὀὕτωςς
746 3713 797 3772 sed
814 3733 849 3773 ex
867 3735 890 3771 ω
906 3712 1043 3774 librarius
1055 3713 1156 3775 iecisse

143 3813 257 3874 videtur
268 3835 298 3882 ο,
315 3833 370 3872 nec
384 3824 482 3873 tamen
496 3813 601 3894 prioris
616 3813 732 3896 syllabae
746 3827 899 3876 accentum
913 3817 1043 3876 mutavit.
