2970 4822
468 413 528 472 DE
547 409 846 475 ASTRONOMIA.
1104 415 1162 479 rot

151 563 191 608 ex
201 543 356 633 opposite
365 540 537 634 pertetilli
547 539 699 636 aequalis‚
712 543 800 610 circa
810 542 984 648 occultum
996 539 1095 615 nohis
1105 563 1164 635 po-

10 709 12 746 p
80 680 82 683 ·
149 660 239 740 lum,
260 685 396 756 semper
408 675 444 730 et
461 664 532 756 ipse
547 662 715 741 occultus,
736 661 844 732 dictus
863 665 1076 732 anercticus.
1094 661 1164 733 Me

150 780 226 850 dius
242 797 407 862 remeet,
428 786 586 854 omnium
609 787 790 863 maximus,
811 797 844 852 et
866 797 973 853 totam
995 783 1163 880 sphaeram

149 901 353 996 hipartiens‚
386 904 595 999 aequidianus
626 905 831 998 appellatus,
863 909 942 1000 quia
969 905 1165 999 regionrlaus'

150 1021 267 1096 Terrae
277 1027 340 1096 sub
351 1031 425 1120 ipso
433 1029 502 1096 sitis
515 1041 632 1097 noctes
645 1049 765 1101 omnes
775 1047 962 1121 omnesque
976 1027 1047 1096 dies
1059 1051 1165 1122 aequae

150 1149 240 1216 inter
268 1171 319 1226 se,
350 1161 385 1216 et
409 1151 489 1242 quia
519 1161 709 1220 ceterarum
733 1151 913 1241 regionum
936 1148 1000 1217 illis
1025 1149 1167 1242 quidem

151 1265 329 1348 omnibus,
361 1247 485 1363 quibus
515 1267 705 1338 secundum
737 1248 1016 1366 unamquamque
1045 1270 1168 1340 mundi

151 1392 412 1460 conversionem
422 1393 533 1460 oriens
544 1405 578 1459 et
591 1388 749 1462 occidens
761 1389 820 1458 Sol
831 1393 1047 1484 conspicitur,
1058 1415 1167 1485 quum

152 1509 195 1579 ad
221 1511 321 1580 illum
348 1511 515 1582 circulum
542 1510 731 1590 devenerit,
764 1534 897 1604 aequam
928 1515 1019 1581 nocti
1048 1511 1167 1583 dividit

152 1629 253 1699 diem.
278 1631 346 1701 Sed
365 1635 455 1701 inter
477 1631 750 1725 aequinoctialem
773 1630 866 1701 hunc
890 1647 923 1702 et
942 1636 1097 1714 arcticos,
1123 1634 1165 1703 ab

149 1773 217 1820 una
246 1755 516 1847 partetropicus
544 1755 675 1824 aestivus
697 1767 761 1833 est,
794 1752 893 1822 nobis
917 1753 1059 1853 quidem
1085 1757 1166 1824 oltra

82 1901 85 1908 ¹
149 1873 424 1968 aequinoctialem
441 1876 538 1954 situs,
550 1873 597 1944 ab
616 1874 721 1944 altera
739 1887 854 1944 autem
873 1889 968 1968 parte
983 1873 1163 1953 brumalis,

149 2017 366 2090 progressum
382 2021 474 2065 nunc
493 1995 536 2066 ad
554 1996 726 2074 australia,
748 2021 840 2066 nunc
859 1995 902 2066 ad
921 1995 1070 2068 borealia
1087 2020 1167 2066 con-

150 2130 303 2186 vertente
325 2118 403 2188 Sole
429 2149 435 2186 :
462 2117 651 2187 interillos
679 2121 771 2186 enim
791 2118 951 2213 obliquus
975 2117 1167 2190 extenditur

153 2238 336 2332 eclipticus.

576 2435 676 2489 [carun
691 2435 740 2490 vn]

357 2533 404 2593 nn'
417 2545 581 2594 sentence
598 2547 638 2594 nr
655 2547 761 2593 nsrnrs
779 2547 950 2596 crunnus.

203 2729 369 2800 Maximus
388 2744 438 2798 est
455 2729 511 2797 hic
529 2733 601 2823 ipse
620 2726 782 2808 circulus,
804 2733 951 2822 tropicos
969 2743 1108 2821 tangens
1129 2731 1164 2797 in

152 2875 222 2920 uno
236 2855 413 2946 utriusque
427 2865 571 2946 puncto,
588 2855 739 2922 aestivum
754 2855 789 2919 in
807 2850 956 2930 Cancro,
973 2851 1116 2922 alterum
1129 2854 1164 2918 in

154 2970 376 3064 Capricorno,
389 2974 662 3067 aequinoctialem
672 2971 860 3066 bipartiens
871 2986 904 3040 et
914 2971 956 3040 ab
969 2975 1042 3065 ipso
1055 2970 1165 3063 bipar-

155 3217 251 3278 stellas
267 3231 395 3282 errantes
410 3220 520 3289 nullas,
536 3243 601 3304 quae
618 3223 676 3282 dici
696 3234 814 3305 possent
834 3241 886 3280 nou
905 3219 1073 3286 metam,
1094 3221 1166 3282 mtt-

153 3322 207 3402 qui
226 3335 442 3404 cognoscerent.
464 3324 528 3386 Sub
545 3346 614 3384 voce
632 3323 775 3397 inermem
794 3325 875 3392 latet,
897 3325 927 3384 ni
950 3322 1088 3392 fallimur,
1112 3343 1180 3403 stouv

154 3421 302 3493 ζωδιακὸς,
318 3447 334 3484 e
350 3425 408 3486 line
418 3428 615 3490 antecedentis
631 3431 746 3512 capitis,
761 3429 812 3488 ubi
829 3429 910 3496 deest
927 3430 958 3486 in
977 3426 1091 3493 codiee,
1107 3425 1166 3484 huc

153 3527 299 3588 translata.
315 3527 426 3610 Nempe
438 3531 469 3587 in
483 3533 640 3612 antiquiori
654 3533 752 3615 aliquo
765 3525 866 3592 codice
881 3529 957 3589 infra
969 3526 1165 3588 antecedentis

153 3633 254 3718 capitis
268 3629 377 3692 ultimae
391 3631 475 3692 lineae
489 3633 594 3702 finem,
605 3637 690 3716 spatii
702 3636 838 3718 penuria,
851 3645 916 3716 post
927 3633 1030 3691 ultima
1044 3631 1166 3712 aequen—

154 3736 189 3794 tis
204 3733 281 3794 tituli
293 3734 396 3800 rerba.
410 3755 463 3794 vox
475 3757 509 3794 ea
528 3739 632 3819 scripta
645 3737 746 3798 fuerat.
766 3739 809 3797 De
824 3735 934 3825 duplici
954 3732 1167 3814 significatione

154 3840 232 3898 vocis
248 3821 397 3906 (uitantis,
413 3839 478 3898 ride
489 3839 561 3900 'Dite
579 3853 649 3922 part.
665 3841 704 3908 ll,
721 3865 744 3901 e.
764 3863 801 3906 ιν,
818 3841 830 3898 i
847 3845 876 3904 5.
