<?xml version="1.0" encoding="UTF-8"?>
<!DOCTYPE html PUBLIC "-//W3C//DTD XHTML 1.0 Transitional//EN"
    "http://www.w3.org/TR/xhtml1/DTD/xhtml1-transitional.dtd">
<html xmlns="http://www.w3.org/1999/xhtml" xml:lang="en" lang="en">
 <head>
  <title>
</title>
<meta http-equiv="Content-Type" content="text/html;charset=utf-8" />
  <meta name='ocr-system' content='tesseract 3.04.00' />
  <meta name='ocr-capabilities' content='ocr_page ocr_carea ocr_par ocr_line ocrx_word'/>
</head>
<body>
  <div class='ocr_page' id='page_1' title='image "./theonissmyrnaei00calcgoog_0207.png"; bbox 0 0 2958 4824; ppageno 0'>
   <div class='ocr_carea' id='block_1_1' title="bbox 386 337 1124 437">
    <p class='ocr_par' dir='ltr' id='par_1_1' title="bbox 386 337 1124 437">
     <span class='ocr_line' id='line_1_1' title="bbox 386 337 1124 437; baseline -0.001 -1"><span class='ocrx_word' id='word_1_1' title='bbox 386 359 389 365; x_wconf 83' lang='grc'><strong><em>’</em></strong></span> <span class='ocrx_word' id='word_1_2' title='bbox 432 375 487 436; x_wconf 79' lang='lat' dir='ltr'>oa</span> <span class='ocrx_word' id='word_1_3' title='bbox 509 337 805 437; x_wconf 68' lang='lat' dir='ltr'>astronomi.</span> <span class='ocrx_word' id='word_1_4' title='bbox 1066 375 1124 436; x_wconf 77' lang='lat' dir='ltr'>ios</span> 
     </span>
    </p>
   </div>
   <div class='ocr_carea' id='block_1_2' title="bbox 88 498 1179 838">
    <p class='ocr_par' dir='ltr' id='par_1_2' title="bbox 88 498 1179 838">
     <span class='ocr_line' id='line_1_2' title="bbox 115 498 1125 595; baseline -0.001 -26"><span class='ocrx_word' id='word_1_5' title='bbox 115 503 242 580; x_wconf 86' lang='lat' dir='ltr'>visum,</span> <span class='ocrx_word' id='word_1_6' title='bbox 263 523 376 595; x_wconf 92' lang='lat' dir='ltr'>neque</span> <span class='ocrx_word' id='word_1_7' title='bbox 392 500 491 594; x_wconf 81' lang='lat' dir='ltr'>piura</span> <span class='ocrx_word' id='word_1_8' title='bbox 508 525 579 571; x_wconf 92' lang='lat' dir='ltr'>uno</span> <span class='ocrx_word' id='word_1_9' title='bbox 600 502 779 571; x_wconf 86' lang='lat' dir='ltr'>semitonia</span> <span class='ocrx_word' id='word_1_10' title='bbox 803 523 843 569; x_wconf 83' lang='lat' dir='ltr'>ex</span> <span class='ocrx_word' id='word_1_11' title='bbox 860 498 981 570; x_wconf 84' lang='lat' dir='ltr'>ordine</span> <span class='ocrx_word' id='word_1_12' title='bbox 1005 503 1041 568; x_wconf 91' lang='lat' dir='ltr'>in</span> <span class='ocrx_word' id='word_1_13' title='bbox 1059 498 1125 570; x_wconf 91' lang='lat' dir='ltr'>hoc</span> 
     </span>
     <span class='ocr_line' id='line_1_3' title="bbox 115 620 1126 716; baseline -0.001 -26"><span class='ocrx_word' id='word_1_14' title='bbox 115 645 240 716; x_wconf 85' lang='lat' dir='ltr'>genere</span> <span class='ocrx_word' id='word_1_15' title='bbox 258 634 436 691; x_wconf 81' lang='lat' dir='ltr'>canuntm.</span> <span class='ocrx_word' id='word_1_16' title='bbox 452 621 522 692; x_wconf 92' lang='lat' dir='ltr'>Nec</span> <span class='ocrx_word' id='word_1_17' title='bbox 539 620 729 692; x_wconf 88' lang='lat' dir='ltr'>secundum</span> <span class='ocrx_word' id='word_1_18' title='bbox 747 620 873 691; x_wconf 79' lang='lat' dir='ltr'>chroma</span> <span class='ocrx_word' id='word_1_19' title='bbox 882 649 894 699; x_wconf 89' lang='lat'><em>;</em></span> <span class='ocrx_word' id='word_1_20' title='bbox 913 645 993 690; x_wconf 92' lang='lat' dir='ltr'>nam</span> <span class='ocrx_word' id='word_1_21' title='bbox 1010 643 1126 690; x_wconf 87' lang='lat' dir='ltr'>rursus</span> 
     </span>
     <span class='ocr_line' id='line_1_4' title="bbox 88 736 1179 838; baseline -0.001 -27"><span class='ocrx_word' id='word_1_22' title='bbox 88 736 90 741; x_wconf 41' lang='lat'><strong>⁴</strong></span> <span class='ocrx_word' id='word_1_23' title='bbox 115 745 152 811; x_wconf 93' lang='lat' dir='ltr'>in</span> <span class='ocrx_word' id='word_1_24' title='bbox 171 740 345 812; x_wconf 80' lang='lat' dir='ltr'>chromate</span> <span class='ocrx_word' id='word_1_25' title='bbox 365 756 466 812; x_wconf 88' lang='lat' dir='ltr'>tonus</span> <span class='ocrx_word' id='word_1_26' title='bbox 485 741 645 814; x_wconf 88' lang='lat' dir='ltr'>indivisus</span> <span class='ocrx_word' id='word_1_27' title='bbox 666 766 736 813; x_wconf 94' lang='lat' dir='ltr'>non</span> <span class='ocrx_word' id='word_1_28' title='bbox 755 745 897 812; x_wconf 87' lang='lat' dir='ltr'>canitur.</span> <span class='ocrx_word' id='word_1_29' title='bbox 918 741 953 811; x_wconf 88' lang='lat' dir='ltr'>si</span> <span class='ocrx_word' id='word_1_30' title='bbox 974 743 1049 838; x_wconf 87' lang='lat' dir='ltr'>quis</span> <span class='ocrx_word' id='word_1_31' title='bbox 1071 767 1127 810; x_wconf 90' lang='lat' dir='ltr'>au·</span> <span class='ocrx_word' id='word_1_32' title='bbox 1176 782 1179 789; x_wconf 95' lang='lat'>·</span> 
     </span>
    </p>
   </div>
   <div class='ocr_carea' id='block_1_3' title="bbox 1 861 1125 959">
    <p class='ocr_par' dir='ltr' id='par_1_3' title="bbox 1 861 1125 959">
     <span class='ocr_line' id='line_1_5' title="bbox 1 861 1125 959; baseline 0 -27"><span class='ocrx_word' id='word_1_33' title='bbox 1 901 3 945; x_wconf 77' lang='lat'>;</span> <span class='ocrx_word' id='word_1_34' title='bbox 115 877 188 945; x_wconf 89' lang='lat' dir='ltr'>tem</span> <span class='ocrx_word' id='word_1_35' title='bbox 198 866 342 934; x_wconf 86' lang='lat' dir='ltr'>mixtum</span> <span class='ocrx_word' id='word_1_36' title='bbox 353 888 393 933; x_wconf 87' lang='lat' dir='ltr'>ex</span> <span class='ocrx_word' id='word_1_37' title='bbox 405 861 573 934; x_wconf 88' lang='lat' dir='ltr'>ambobus</span> <span class='ocrx_word' id='word_1_38' title='bbox 588 861 768 958; x_wconf 83' lang='lat' dir='ltr'>generibus</span> <span class='ocrx_word' id='word_1_39' title='bbox 780 863 870 933; x_wconf 90' lang='lat' dir='ltr'>dicat</span> <span class='ocrx_word' id='word_1_40' title='bbox 881 870 1125 959; x_wconf 66' lang='lat' dir='ltr'>esse&#39;systema,</span> 
     </span>
    </p>
   </div>
   <div class='ocr_carea' id='block_1_4' title="bbox 1 956 1207 2904">
    <p class='ocr_par' dir='ltr' id='par_1_4' title="bbox 1 956 1207 2904">
     <span class='ocr_line' id='line_1_6' title="bbox 1 956 1129 1079; baseline -0.001 -25"><span class='ocrx_word' id='word_1_41' title='bbox 1 956 3 1048; x_wconf 45' lang='grc' dir='ltr'>ζ</span> <span class='ocrx_word' id='word_1_42' title='bbox 116 999 192 1054; x_wconf 92' lang='lat' dir='ltr'>tum</span> <span class='ocrx_word' id='word_1_43' title='bbox 207 988 308 1055; x_wconf 88' lang='lat' dir='ltr'>etiam</span> <span class='ocrx_word' id='word_1_44' title='bbox 324 983 459 1056; x_wconf 89' lang='lat' dir='ltr'>duobus</span> <span class='ocrx_word' id='word_1_45' title='bbox 474 985 574 1079; x_wconf 81' lang='lat' dir='ltr'>plura</span> <span class='ocrx_word' id='word_1_46' title='bbox 587 1009 627 1054; x_wconf 83' lang='lat' dir='ltr'>ex</span> <span class='ocrx_word' id='word_1_47' title='bbox 641 983 762 1054; x_wconf 85' lang='lat' dir='ltr'>ordine</span> <span class='ocrx_word' id='word_1_48' title='bbox 774 987 952 1054; x_wconf 86' lang='lat' dir='ltr'>semitonia</span> <span class='ocrx_word' id='word_1_49' title='bbox 965 985 1047 1078; x_wconf 90' lang='lat' dir='ltr'>poni</span> <span class='ocrx_word' id='word_1_50' title='bbox 1060 1008 1129 1053; x_wconf 75' lang='lat' dir='ltr'>me⁴</span> 
     </span>
     <span class='ocr_line' id='line_1_7' title="bbox 116 1104 1129 1202; baseline 0 -28"><span class='ocrx_word' id='word_1_51' title='bbox 116 1105 218 1177; x_wconf 86' lang='lat' dir='ltr'>iodiae</span> <span class='ocrx_word' id='word_1_52' title='bbox 235 1131 453 1202; x_wconf 84' lang='lat' dir='ltr'>nequaquam</span> <span class='ocrx_word' id='word_1_53' title='bbox 472 1130 662 1201; x_wconf 79' lang='lat' dir='ltr'>congruum</span> <span class='ocrx_word' id='word_1_54' title='bbox 681 1119 741 1176; x_wconf 90' lang='lat' dir='ltr'>est.</span> <span class='ocrx_word' id='word_1_55' title='bbox 761 1104 830 1176; x_wconf 90' lang='lat' dir='ltr'>Sed</span> <span class='ocrx_word' id='word_1_56' title='bbox 848 1105 922 1175; x_wconf 86' lang='lat' dir='ltr'>haec</span> <span class='ocrx_word' id='word_1_57' title='bbox 936 1104 1076 1202; x_wconf 87' lang='lat' dir='ltr'>quidem</span> <span class='ocrx_word' id='word_1_58' title='bbox 1091 1108 1129 1174; x_wconf 87' lang='lat' dir='ltr'>iis</span> 
     </span>
     <span class='ocr_line' id='line_1_8' title="bbox 117 1224 1044 1322; baseline 0.002 -28"><span class='ocrx_word' id='word_1_59' title='bbox 117 1231 154 1295; x_wconf 94' lang='lat' dir='ltr'>in</span> <span class='ocrx_word' id='word_1_60' title='bbox 173 1226 320 1298; x_wconf 89' lang='lat' dir='ltr'>obscuro</span> <span class='ocrx_word' id='word_1_61' title='bbox 338 1241 432 1308; x_wconf 91' lang='lat' dir='ltr'>sunt,</span> <span class='ocrx_word' id='word_1_62' title='bbox 452 1229 511 1322; x_wconf 89' lang='lat' dir='ltr'>qui</span> <span class='ocrx_word' id='word_1_63' title='bbox 529 1229 666 1297; x_wconf 78' lang='lat' dir='ltr'>musicae</span> <span class='ocrx_word' id='word_1_64' title='bbox 682 1229 799 1297; x_wconf 85' lang='lat' dir='ltr'>initiati</span> <span class='ocrx_word' id='word_1_65' title='bbox 819 1250 890 1298; x_wconf 94' lang='lat' dir='ltr'>non</span> <span class='ocrx_word' id='word_1_66' title='bbox 908 1224 1044 1296; x_wconf 86' lang='lat' dir='ltr'>fuerint.</span> 
     </span>
     <span class='ocr_line' id='line_1_9' title="bbox 170 1347 1131 1419; baseline 0.002 -2"><span class='ocrx_word' id='word_1_67' title='bbox 170 1347 408 1418; x_wconf 84' lang='lat' dir='ltr'>Eratosthenes</span> <span class='ocrx_word' id='word_1_68' title='bbox 426 1373 507 1419; x_wconf 90' lang='lat' dir='ltr'>vero</span> <span class='ocrx_word' id='word_1_69' title='bbox 527 1347 651 1418; x_wconf 92' lang='lat' dir='ltr'>editam</span> <span class='ocrx_word' id='word_1_70' title='bbox 677 1361 844 1418; x_wconf 77' lang='lat' dir='ltr'>astrorum</span> <span class='ocrx_word' id='word_1_71' title='bbox 870 1372 972 1418; x_wconf 90' lang='lat' dir='ltr'>cursu</span> <span class='ocrx_word' id='word_1_72' title='bbox 996 1347 1131 1419; x_wconf 81' lang='lat' dir='ltr'>harmo</span> 
     </span>
     <span class='ocr_line' id='line_1_10' title="bbox 120 1467 1207 1553; baseline 0 -14"><span class='ocrx_word' id='word_1_73' title='bbox 120 1472 213 1539; x_wconf 90' lang='lat' dir='ltr'>niam</span> <span class='ocrx_word' id='word_1_74' title='bbox 230 1467 440 1540; x_wconf 89' lang='lat' dir='ltr'>subsimilem</span> <span class='ocrx_word' id='word_1_75' title='bbox 463 1473 498 1538; x_wconf 93' lang='lat' dir='ltr'>in</span> <span class='ocrx_word' id='word_1_76' title='bbox 514 1469 658 1540; x_wconf 92' lang='lat' dir='ltr'>modum</span> <span class='ocrx_word' id='word_1_77' title='bbox 682 1469 909 1553; x_wconf 58' lang='lat' dir='ltr'>demonstran</span> <span class='ocrx_word' id='word_1_78' title='bbox 931 1495 995 1540; x_wconf 92' lang='lat' dir='ltr'>nec</span> <span class='ocrx_word' id='word_1_79' title='bbox 1015 1483 1130 1540; x_wconf 87' lang='lat' dir='ltr'>tamen</span> <span class='ocrx_word' id='word_1_80' title='bbox 1206 1494 1207 1497; x_wconf 69' lang='grc'>’</span> 
     </span>
     <span class='ocr_line' id='line_1_11' title="bbox 120 1589 1131 1686; baseline 0 -24"><span class='ocrx_word' id='word_1_81' title='bbox 120 1593 306 1685; x_wconf 85' lang='lat' dir='ltr'>errantium</span> <span class='ocrx_word' id='word_1_82' title='bbox 324 1604 492 1661; x_wconf 87' lang='lat' dir='ltr'>astrorum</span> <span class='ocrx_word' id='word_1_83' title='bbox 513 1589 671 1660; x_wconf 88' lang='lat' dir='ltr'>ordinem</span> <span class='ocrx_word' id='word_1_84' title='bbox 690 1591 868 1673; x_wconf 89' lang='lat' dir='ltr'>eumdem,</span> <span class='ocrx_word' id='word_1_85' title='bbox 890 1591 949 1663; x_wconf 88' lang='lat' dir='ltr'>sed</span> <span class='ocrx_word' id='word_1_86' title='bbox 967 1606 1044 1686; x_wconf 91' lang='lat' dir='ltr'>post</span> <span class='ocrx_word' id='word_1_87' title='bbox 1064 1591 1131 1662; x_wconf 88' lang='lat' dir='ltr'>Lu-</span> 
     </span>
     <span class='ocr_line' id='line_1_12' title="bbox 118 1710 1134 1807; baseline 0.002 -25"><span class='ocrx_word' id='word_1_88' title='bbox 118 1739 200 1782; x_wconf 85' lang='lat' dir='ltr'>nam</span> <span class='ocrx_word' id='word_1_89' title='bbox 218 1736 319 1807; x_wconf 88' lang='lat' dir='ltr'>supra</span> <span class='ocrx_word' id='word_1_90' title='bbox 340 1711 483 1782; x_wconf 88' lang='lat' dir='ltr'>Terram</span> <span class='ocrx_word' id='word_1_91' title='bbox 504 1711 694 1782; x_wconf 91' lang='lat' dir='ltr'>secundum</span> <span class='ocrx_word' id='word_1_92' title='bbox 719 1715 765 1782; x_wconf 89' lang='lat' dir='ltr'>ait</span> <span class='ocrx_word' id='word_1_93' title='bbox 787 1710 868 1783; x_wconf 79' lang='lat' dir='ltr'>ferri</span> <span class='ocrx_word' id='word_1_94' title='bbox 891 1712 1018 1784; x_wconf 81' lang='lat' dir='ltr'>Solem.</span> <span class='ocrx_word' id='word_1_95' title='bbox 1042 1713 1134 1784; x_wconf 89' lang='lat' dir='ltr'>Dicit</span> 
     </span>
     <span class='ocr_line' id='line_1_13' title="bbox 119 1832 1134 1932; baseline 0.002 -28"><span class='ocrx_word' id='word_1_96' title='bbox 119 1837 213 1904; x_wconf 92' lang='lat' dir='ltr'>enim</span> <span class='ocrx_word' id='word_1_97' title='bbox 236 1835 466 1914; x_wconf 82' lang='lat' dir='ltr'>Mercurium,</span> <span class='ocrx_word' id='word_1_98' title='bbox 487 1832 662 1929; x_wconf 90' lang='lat' dir='ltr'>juniorem</span> <span class='ocrx_word' id='word_1_99' title='bbox 682 1833 811 1915; x_wconf 89' lang='lat' dir='ltr'>adhuc,</span> <span class='ocrx_word' id='word_1_100' title='bbox 832 1861 940 1930; x_wconf 89' lang='lat' dir='ltr'>quum</span> <span class='ocrx_word' id='word_1_101' title='bbox 962 1836 1070 1932; x_wconf 84' lang='lat' dir='ltr'>lyram</span> <span class='ocrx_word' id='word_1_102' title='bbox 1089 1833 1134 1906; x_wconf 83' lang='lat' dir='ltr'>se</span> 
     </span>
     <span class='ocr_line' id='line_1_14' title="bbox 119 1955 1135 2050; baseline 0.001 -24"><span class='ocrx_word' id='word_1_103' title='bbox 119 1959 233 2036; x_wconf 90' lang='lat' dir='ltr'>cisset,</span> <span class='ocrx_word' id='word_1_104' title='bbox 254 1955 378 2027; x_wconf 91' lang='lat' dir='ltr'>deinde</span> <span class='ocrx_word' id='word_1_105' title='bbox 396 1959 507 2050; x_wconf 84' lang='lat' dir='ltr'>prima</span> <span class='ocrx_word' id='word_1_106' title='bbox 525 1959 598 2027; x_wconf 86' lang='lat' dir='ltr'>vice</span> <span class='ocrx_word' id='word_1_107' title='bbox 616 1958 651 2025; x_wconf 91' lang='lat' dir='ltr'>in</span> <span class='ocrx_word' id='word_1_108' title='bbox 671 1957 797 2027; x_wconf 88' lang='lat' dir='ltr'>coelum</span> <span class='ocrx_word' id='word_1_109' title='bbox 818 1956 1077 2036; x_wconf 85' lang='lat' dir='ltr'>ascendentem,</span> <span class='ocrx_word' id='word_1_110' title='bbox 1100 1972 1135 2027; x_wconf 89' lang='lat' dir='ltr'>et</span> 
     </span>
     <span class='ocr_line' id='line_1_15' title="bbox 119 2076 1135 2173; baseline 0.002 -27"><span class='ocrx_word' id='word_1_111' title='bbox 119 2102 182 2171; x_wconf 90' lang='lat' dir='ltr'>per</span> <span class='ocrx_word' id='word_1_112' title='bbox 199 2103 253 2157; x_wconf 91' lang='lat' dir='ltr'>ea,</span> <span class='ocrx_word' id='word_1_113' title='bbox 273 2103 349 2173; x_wconf 86' lang='lat' dir='ltr'>quae</span> <span class='ocrx_word' id='word_1_114' title='bbox 368 2101 481 2148; x_wconf 87' lang='lat' dir='ltr'>errare</span> <span class='ocrx_word' id='word_1_115' title='bbox 500 2076 783 2155; x_wconf 62' lang='lat' dir='ltr'>dicuntumastra</span> <span class='ocrx_word' id='word_1_116' title='bbox 807 2091 1053 2157; x_wconf 86' lang='lat' dir='ltr'>transeuntem,</span> <span class='ocrx_word' id='word_1_117' title='bbox 1074 2082 1135 2147; x_wconf 78' lang='lat' dir='ltr'>mi</span> 
     </span>
     <span class='ocr_line' id='line_1_16' title="bbox 120 2198 1135 2294; baseline 0.003 -27"><span class='ocrx_word' id='word_1_118' title='bbox 120 2211 233 2267; x_wconf 85' lang='lat' dir='ltr'>ratum</span> <span class='ocrx_word' id='word_1_119' title='bbox 246 2223 315 2283; x_wconf 88' lang='lat' dir='ltr'>esse</span> <span class='ocrx_word' id='word_1_120' title='bbox 327 2198 422 2294; x_wconf 86' lang='lat' dir='ltr'>quod</span> <span class='ocrx_word' id='word_1_121' title='bbox 432 2223 549 2270; x_wconf 88' lang='lat' dir='ltr'>cursus</span> <span class='ocrx_word' id='word_1_122' title='bbox 561 2199 700 2269; x_wconf 79' lang='lat' dir='ltr'>iliorum</span> <span class='ocrx_word' id='word_1_123' title='bbox 712 2201 844 2293; x_wconf 84' lang='lat' dir='ltr'>impetu</span> <span class='ocrx_word' id='word_1_124' title='bbox 857 2199 945 2270; x_wconf 87' lang='lat' dir='ltr'>edita</span> <span class='ocrx_word' id='word_1_125' title='bbox 957 2199 1135 2271; x_wconf 86' lang='lat' dir='ltr'>harmonia</span> 
     </span>
     <span class='ocr_line' id='line_1_17' title="bbox 123 2317 1134 2417; baseline 0.005 -30"><span class='ocrx_word' id='word_1_126' title='bbox 123 2317 264 2414; x_wconf 81' lang='lat' dir='ltr'>[simiiis]</span> <span class='ocrx_word' id='word_1_127' title='bbox 276 2333 360 2388; x_wconf 90' lang='lat' dir='ltr'>esset</span> <span class='ocrx_word' id='word_1_128' title='bbox 369 2333 493 2413; x_wconf 88' lang='lat' dir='ltr'>paratae</span> <span class='ocrx_word' id='word_1_129' title='bbox 504 2318 546 2389; x_wconf 92' lang='lat' dir='ltr'>ab</span> <span class='ocrx_word' id='word_1_130' title='bbox 556 2321 630 2414; x_wconf 91' lang='lat' dir='ltr'>ipso</span> <span class='ocrx_word' id='word_1_131' title='bbox 640 2320 741 2417; x_wconf 80' lang='lat' dir='ltr'>lyrae3</span> <span class='ocrx_word' id='word_1_132' title='bbox 755 2318 859 2389; x_wconf 91' lang='lat' dir='ltr'>sedin</span> <span class='ocrx_word' id='word_1_133' title='bbox 874 2324 971 2417; x_wconf 92' lang='lat' dir='ltr'>epico</span> <span class='ocrx_word' id='word_1_134' title='bbox 984 2325 1134 2392; x_wconf 90' lang='lat' dir='ltr'>carmine</span> 
     </span>
     <span class='ocr_line' id='line_1_18' title="bbox 122 2440 1134 2534; baseline 0.003 -24"><span class='ocrx_word' id='word_1_135' title='bbox 122 2443 175 2510; x_wconf 87' lang='lat' dir='ltr'>vir</span> <span class='ocrx_word' id='word_1_136' title='bbox 186 2440 243 2509; x_wconf 82' lang='lat' dir='ltr'>ille</span> <span class='ocrx_word' id='word_1_137' title='bbox 257 2455 371 2534; x_wconf 88' lang='lat' dir='ltr'>aparte</span> <span class='ocrx_word' id='word_1_138' title='bbox 382 2441 518 2512; x_wconf 80' lang='lat' dir='ltr'>videtur</span> <span class='ocrx_word' id='word_1_139' title='bbox 531 2441 674 2512; x_wconf 87' lang='lat' dir='ltr'>Terram</span> <span class='ocrx_word' id='word_1_140' title='bbox 687 2445 797 2512; x_wconf 89' lang='lat' dir='ltr'>sinere</span> <span class='ocrx_word' id='word_1_141' title='bbox 811 2442 1040 2526; x_wconf 91' lang='lat' dir='ltr'>immobilem,</span> <span class='ocrx_word' id='word_1_142' title='bbox 1056 2459 1090 2514; x_wconf 95' lang='lat' dir='ltr'>et</span> <span class='ocrx_word' id='word_1_143' title='bbox 1099 2448 1134 2513; x_wconf 88' lang='lat' dir='ltr'>in</span> 
     </span>
     <span class='ocr_line' id='line_1_19' title="bbox 122 2560 1156 2661; baseline 0.004 -29"><span class='ocrx_word' id='word_1_144' title='bbox 122 2564 214 2632; x_wconf 92' lang='lat' dir='ltr'>sonis</span> <span class='ocrx_word' id='word_1_145' title='bbox 232 2575 311 2632; x_wconf 87' lang='lat' dir='ltr'>octo</span> <span class='ocrx_word' id='word_1_146' title='bbox 330 2587 401 2632; x_wconf 91' lang='lat' dir='ltr'>esse</span> <span class='ocrx_word' id='word_1_147' title='bbox 418 2564 490 2633; x_wconf 80' lang='lat' dir='ltr'>vuit</span> <span class='ocrx_word' id='word_1_148' title='bbox 512 2566 736 2634; x_wconf 88' lang='lat' dir='ltr'>inerrantium</span> <span class='ocrx_word' id='word_1_149' title='bbox 759 2564 928 2659; x_wconf 80' lang='lat' dir='ltr'>sphaeram</span> <span class='ocrx_word' id='word_1_150' title='bbox 949 2580 982 2635; x_wconf 91' lang='lat' dir='ltr'>et</span> <span class='ocrx_word' id='word_1_151' title='bbox 1004 2580 1136 2661; x_wconf 87' lang='lat' dir='ltr'>septem</span> <span class='ocrx_word' id='word_1_152' title='bbox 1154 2560 1156 2564; x_wconf 57' lang='grc'>’</span> 
     </span>
     <span class='ocr_line' id='line_1_20' title="bbox 121 2680 1137 2782; baseline 0.004 -31"><span class='ocrx_word' id='word_1_153' title='bbox 121 2680 209 2752; x_wconf 82' lang='lat' dir='ltr'>infra</span> <span class='ocrx_word' id='word_1_154' title='bbox 225 2708 300 2752; x_wconf 89' lang='lat' dir='ltr'>eam</span> <span class='ocrx_word' id='word_1_155' title='bbox 313 2687 532 2754; x_wconf 84' lang='lat' dir='ltr'>erraticorum</span> <span class='ocrx_word' id='word_1_156' title='bbox 543 2686 718 2755; x_wconf 84' lang='lat' dir='ltr'>steflarum</span> <span class='ocrx_word' id='word_1_157' title='bbox 736 2684 897 2780; x_wconf 80' lang='lat' dir='ltr'>sphaeras,</span> <span class='ocrx_word' id='word_1_158' title='bbox 917 2712 1000 2782; x_wconf 88' lang='lat' dir='ltr'>quas</span> <span class='ocrx_word' id='word_1_159' title='bbox 1018 2712 1137 2757; x_wconf 90' lang='lat' dir='ltr'>omnes</span> 
     </span>
     <span class='ocr_line' id='line_1_21' title="bbox 124 2804 1136 2904; baseline 0.005 -30"><span class='ocrx_word' id='word_1_160' title='bbox 124 2807 211 2874; x_wconf 88' lang='lat' dir='ltr'>eirca</span> <span class='ocrx_word' id='word_1_161' title='bbox 229 2804 372 2876; x_wconf 88' lang='lat' dir='ltr'>Terram</span> <span class='ocrx_word' id='word_1_162' title='bbox 393 2821 524 2887; x_wconf 87' lang='lat' dir='ltr'>movet,</span> <span class='ocrx_word' id='word_1_163' title='bbox 547 2821 581 2876; x_wconf 91' lang='lat' dir='ltr'>et</span> <span class='ocrx_word' id='word_1_164' title='bbox 599 2808 708 2904; x_wconf 75' lang='lat' dir='ltr'>{yram</span> <span class='ocrx_word' id='word_1_165' title='bbox 726 2806 805 2878; x_wconf 80' lang='lat' dir='ltr'>iacit</span> <span class='ocrx_word' id='word_1_166' title='bbox 820 2822 897 2896; x_wconf 84' lang='lat' dir='ltr'>octo</span> <span class='ocrx_word' id='word_1_167' title='bbox 917 2809 1060 2880; x_wconf 90' lang='lat' dir='ltr'>chordas</span> <span class='ocrx_word' id='word_1_168' title='bbox 1078 2809 1136 2879; x_wconf 89' lang='lat' dir='ltr'>ha-</span> 
     </span>
    </p>
   </div>
   <div class='ocr_carea' id='block_1_5' title="bbox 160 2968 1139 3164">
    <p class='ocr_par' dir='ltr' id='par_1_5' title="bbox 160 2968 1139 3164">
     <span class='ocr_line' id='line_1_22' title="bbox 168 2968 542 3050; baseline 0.013 -23"><span class='ocrx_word' id='word_1_169' title='bbox 168 2968 177 2996; x_wconf 77' lang='lat'><strong>⁹</strong></span> <span class='ocrx_word' id='word_1_170' title='bbox 199 2969 233 3028; x_wconf 91' lang='lat' dir='ltr'>ln</span> <span class='ocrx_word' id='word_1_171' title='bbox 247 2969 347 3032; x_wconf 86' lang='lat' dir='ltr'>codiee</span> <span class='ocrx_word' id='word_1_172' title='bbox 362 2975 542 3050; x_wconf 64' lang='grc' dir='ltr'><strong><em>θανμάσοιε,</em></strong></span> 
     </span>
     <span class='ocr_line' id='line_1_23' title="bbox 160 3069 1139 3164; baseline 0.009 -33"><span class='ocrx_word' id='word_1_173' title='bbox 160 3069 180 3098; x_wconf 80' lang='lat'>¹⁰</span> <span class='ocrx_word' id='word_1_174' title='bbox 202 3072 263 3132; x_wconf 83' lang='lat' dir='ltr'>Vox</span> <span class='ocrx_word' id='word_1_175' title='bbox 281 3077 383 3150; x_wconf 77' lang='grc' dir='ltr'><strong><em>ὁμοίαν</em></strong></span> <span class='ocrx_word' id='word_1_176' title='bbox 403 3076 435 3134; x_wconf 90' lang='lat' dir='ltr'>in</span> <span class='ocrx_word' id='word_1_177' title='bbox 454 3075 554 3136; x_wconf 84' lang='lat' dir='ltr'>codice</span> <span class='ocrx_word' id='word_1_178' title='bbox 573 3076 668 3147; x_wconf 72' lang='lat' dir='ltr'>deest,</span> <span class='ocrx_word' id='word_1_179' title='bbox 689 3080 740 3140; x_wconf 88' lang='lat' dir='ltr'>sed</span> <span class='ocrx_word' id='word_1_180' title='bbox 762 3082 940 3142; x_wconf 83' lang='lat' dir='ltr'>restituenda</span> <span class='ocrx_word' id='word_1_181' title='bbox 962 3093 1017 3150; x_wconf 88' lang='lat' dir='ltr'>est,</span> <span class='ocrx_word' id='word_1_182' title='bbox 1036 3093 1069 3140; x_wconf 89' lang='lat' dir='ltr'>ut</span> <span class='ocrx_word' id='word_1_183' title='bbox 1087 3101 1139 3164; x_wconf 89' lang='lat' dir='ltr'>per</span> 
     </span>
    </p>
   </div>
   <div class='ocr_carea' id='block_1_6' title="bbox 21 3171 1138 3262">
    <p class='ocr_par' dir='ltr' id='par_1_6' title="bbox 21 3171 1138 3262">
     <span class='ocr_line' id='line_1_24' title="bbox 21 3171 1138 3262; baseline 0.012 -31"><span class='ocrx_word' id='word_1_184' title='bbox 21 3213 22 3217; x_wconf 65' lang='lat'>,</span> <span class='ocrx_word' id='word_1_185' title='bbox 128 3193 190 3233; x_wconf 88' lang='lat' dir='ltr'>sese</span> <span class='ocrx_word' id='word_1_186' title='bbox 202 3171 307 3256; x_wconf 84' lang='lat' dir='ltr'>liquet,</span> <span class='ocrx_word' id='word_1_187' title='bbox 327 3186 356 3234; x_wconf 91' lang='lat' dir='ltr'>et</span> <span class='ocrx_word' id='word_1_188' title='bbox 368 3175 459 3236; x_wconf 86' lang='lat' dir='ltr'>latine</span> <span class='ocrx_word' id='word_1_189' title='bbox 475 3179 596 3238; x_wconf 87' lang='lat' dir='ltr'>vertitur</span> <span class='ocrx_word' id='word_1_190' title='bbox 615 3201 631 3238; x_wconf 91' lang='lat' dir='ltr'>a</span> <span class='ocrx_word' id='word_1_191' title='bbox 647 3179 798 3243; x_wconf 88' lang='lat' dir='ltr'>Chalcidio</span> <span class='ocrx_word' id='word_1_192' title='bbox 813 3181 875 3262; x_wconf 80' lang='lat' dir='ltr'>(fol.</span> <span class='ocrx_word' id='word_1_193' title='bbox 896 3181 934 3244; x_wconf 73' lang='lat'>26</span> <span class='ocrx_word' id='word_1_194' title='bbox 954 3207 976 3242; x_wconf 87' lang='grc' dir='ltr'><strong><em>α</em></strong></span> <span class='ocrx_word' id='word_1_195' title='bbox 994 3184 1138 3253; x_wconf 84' lang='lat' dir='ltr'>Ascensii,</span> 
     </span>
    </p>
   </div>
   <div class='ocr_carea' id='block_1_7' title="bbox 128 3274 634 3555">
    <p class='ocr_par' dir='ltr' id='par_1_7' title="bbox 128 3274 634 3555">
     <span class='ocr_line' id='line_1_25' title="bbox 128 3274 391 3358; baseline 0.011 -24"><span class='ocrx_word' id='word_1_196' title='bbox 128 3298 156 3358; x_wconf 90' lang='lat' dir='ltr'>p.</span> <span class='ocrx_word' id='word_1_197' title='bbox 175 3274 232 3336; x_wconf 79' lang='lat'>156</span> <span class='ocrx_word' id='word_1_198' title='bbox 248 3277 391 3358; x_wconf 88' lang='lat' dir='ltr'>Meursii).</span> 
     </span>
     <span class='ocr_line' id='line_1_26' title="bbox 163 3377 634 3463; baseline 0.019 -27"><span class='ocrx_word' id='word_1_199' title='bbox 163 3377 182 3406; x_wconf 83' lang='lat'>¹¹</span> <span class='ocrx_word' id='word_1_200' title='bbox 206 3379 240 3438; x_wconf 84' lang='lat' dir='ltr'>in</span> <span class='ocrx_word' id='word_1_201' title='bbox 255 3379 354 3441; x_wconf 86' lang='lat' dir='ltr'>codice</span> <span class='ocrx_word' id='word_1_202' title='bbox 368 3391 634 3463; x_wconf 76' lang='grc' dir='ltr'><strong><em>κατεσκευασμένη.</em></strong></span> 
     </span>
     <span class='ocr_line' id='line_1_27' title="bbox 162 3479 427 3555; baseline 0.023 -16"><span class='ocrx_word' id='word_1_203' title='bbox 162 3479 182 3509; x_wconf 81' lang='lat'>¹²</span> <span class='ocrx_word' id='word_1_204' title='bbox 206 3482 239 3541; x_wconf 93' lang='lat' dir='ltr'>In</span> <span class='ocrx_word' id='word_1_205' title='bbox 254 3482 353 3544; x_wconf 87' lang='lat' dir='ltr'>codice</span> <span class='ocrx_word' id='word_1_206' title='bbox 367 3489 427 3555; x_wconf 83' lang='grc' dir='ltr'><strong><em>ἐάν.</em></strong></span> 
     </span>
    </p>
   </div>
   <div class='ocr_carea' id='block_1_8' title="bbox 118 3581 1139 3752">
    <p class='ocr_par' dir='ltr' id='par_1_8' title="bbox 118 3581 1139 3752">
     <span class='ocr_line' id='line_1_28' title="bbox 164 3581 1139 3666; baseline 0.023 -27"><span class='ocrx_word' id='word_1_207' title='bbox 164 3581 184 3610; x_wconf 84' lang='lat'>¹³</span> <span class='ocrx_word' id='word_1_208' title='bbox 207 3584 241 3643; x_wconf 91' lang='lat' dir='ltr'>ln</span> <span class='ocrx_word' id='word_1_209' title='bbox 255 3585 355 3644; x_wconf 83' lang='lat' dir='ltr'>codice</span> <span class='ocrx_word' id='word_1_210' title='bbox 369 3597 397 3666; x_wconf 75' lang='grc' dir='ltr'>ῇ.</span> <span class='ocrx_word' id='word_1_211' title='bbox 413 3588 472 3650; x_wconf 85' lang='lat' dir='ltr'>Sed</span> <span class='ocrx_word' id='word_1_212' title='bbox 487 3603 530 3651; x_wconf 85' lang='lat' dir='ltr'>est</span> <span class='ocrx_word' id='word_1_213' title='bbox 545 3613 687 3652; x_wconf 88' lang='lat' dir='ltr'>numerus</span> <span class='ocrx_word' id='word_1_214' title='bbox 705 3617 736 3664; x_wconf 83' lang='grc' dir='ltr'>η,</span> <span class='ocrx_word' id='word_1_215' title='bbox 752 3595 783 3653; x_wconf 94' lang='lat' dir='ltr'>id</span> <span class='ocrx_word' id='word_1_216' title='bbox 801 3607 844 3654; x_wconf 83' lang='lat' dir='ltr'>est</span> <span class='ocrx_word' id='word_1_217' title='bbox 861 3595 890 3656; x_wconf 90' lang='lat'>8.</span> <span class='ocrx_word' id='word_1_218' title='bbox 904 3595 978 3658; x_wconf 88' lang='lat' dir='ltr'>Vide</span> <span class='ocrx_word' id='word_1_219' title='bbox 995 3596 1099 3656; x_wconf 90' lang='lat' dir='ltr'>Notam</span> <span class='ocrx_word' id='word_1_220' title='bbox 1111 3614 1139 3666; x_wconf 82' lang='lat' dir='ltr'>Q·</span> 
     </span>
     <span class='ocr_line' id='line_1_29' title="bbox 118 3683 512 3752; baseline 0.03 -11"><span class='ocrx_word' id='word_1_221' title='bbox 118 3730 126 3741; x_wconf 86' lang='lat'><strong><em>.</em></strong></span> <span class='ocrx_word' id='word_1_222' title='bbox 163 3683 190 3714; x_wconf 73' lang='lat'>¹⁴&#39;</span> <span class='ocrx_word' id='word_1_223' title='bbox 206 3685 240 3745; x_wconf 88' lang='lat' dir='ltr'>ln</span> <span class='ocrx_word' id='word_1_224' title='bbox 255 3687 354 3748; x_wconf 90' lang='lat' dir='ltr'>oodice</span> <span class='ocrx_word' id='word_1_225' title='bbox 369 3688 512 3752; x_wconf 74' lang='grc' dir='ltr'><strong><em>ἀπλανῶν.</em></strong></span> 
     </span>
    </p>
   </div>
   <div class='ocr_carea' id='block_1_9' title="bbox 120 3786 440 3850">
    <p class='ocr_par' dir='ltr' id='par_1_9' title="bbox 120 3786 440 3850">
     <span class='ocr_line' id='line_1_30' title="bbox 120 3786 440 3850; baseline 0.013 -4"><span class='ocrx_word' id='word_1_226' title='bbox 120 3798 122 3801; x_wconf 86' lang='grc'><strong>’</strong></span> <span class='ocrx_word' id='word_1_227' title='bbox 164 3786 184 3817; x_wconf 78' lang='lat'>¹⁵</span> <span class='ocrx_word' id='word_1_228' title='bbox 207 3788 240 3847; x_wconf 94' lang='lat' dir='ltr'>In</span> <span class='ocrx_word' id='word_1_229' title='bbox 256 3788 355 3850; x_wconf 89' lang='lat' dir='ltr'>codice</span> <span class='ocrx_word' id='word_1_230' title='bbox 369 3799 440 3850; x_wconf 78' lang='grc' dir='ltr'><strong><em>ταῖς.</em></strong></span> 
     </span>
    </p>
   </div>
   <div class='ocr_carea' id='block_1_10' title="bbox 0 0 1494 4820">
    <p class='ocr_par' dir='ltr' id='par_1_10' title="bbox 0 0 1494 4820">
     <span class='ocr_line' id='line_1_31' title="bbox 0 0 1494 4820; baseline 0 0"><span class='ocrx_word' id='word_1_231' title='bbox 0 0 1494 4820; x_wconf 95' lang='lat' dir='ltr'> </span> 
     </span>
    </p>
   </div>
  </div>
 </body>
</html>
