2970 4822
325 452 383 514 llo
614 449 808 512 THEONlS
829 447 1037 512 SleltNAEl

351 573 641 640 'Geometricarum
654 593 729 661 ergo
740 571 981 661 hypothesium,
999 591 1079 659 quas
1091 568 1271 636 efficiendis
1284 567 1351 634 So

321 688 376 759 lis,
398 689 499 752 Lnnae
514 697 546 751 et
561 685 767 752 erraticamm
787 685 951 751 stellarum
972 682 1128 755 motibus,
1148 692 1349 771 praeennte,

321 799 409 886 quod
425 799 465 864 ad
481 798 589 864 Solem
606 811 638 864 et
659 800 786 866 Lunam
804 808 939 886 spectat,
960 795 1143 885 Hipparcho
1153 797 1175 869 ¹,
1191 794 1350 882 singulas

322 907 472 976 Adrastus
498 909 701 982 adhibuerat,
727 907 965 998 copulationem
989 905 1210 996 phaenomenis
1230 905 1348 992 magis

322 1023 510 1090 concordem
526 1023 648 1090 invenit
663 1021 866 1094 Ptolemaeus,
885 1019 942 1108 qui
958 1031 1124 1109 praterea,
1144 1019 1186 1084 ad
1202 1017 1346 1106 ellipsim

321 1137 452 1224 propius
464 1137 630 1210 accedens,
648 1135 729 1202 duos
740 1134 816 1201 fecit
827 1134 1035 1206 excentricos,
1051 1133 1188 1198 alterum
1199 1132 1347 1220 deseren-

323 1263 394 1325 tem,
417 1274 435 1315 e
456 1251 548 1338 cujus
570 1261 679 1315 centro
699 1272 792 1336 aeque
812 1269 940 1335 semper
959 1248 1081 1312 abesset
1105 1243 1238 1334 epicycli
1258 1265 1345 1310 cen·

322 1369 424 1434 uum,
443 1375 609 1448 aquenum
622 1361 773 1434 alterum,
790 1361 874 1426 circa
889 1359 983 1446 cujus
998 1369 1145 1424 centrum
1158 1378 1269 1444 requos
1282 1377 1345 1420 an-

322 1473 411 1558 gulos
440 1474 540 1560 aequis
568 1473 767 1560 temporibus
795 1484 944 1538 centrum
971 1471 1105 1560 epicycli
1136 1469 1343 1535 emetiretnr.

321 1584 470 1670 Denique
489 1585 629 1650 motibus
650 1585 684 1648 in
709 1585 828 1652 zodiaci
850 1583 1053 1650 latitudinem
1076 1581 1251 1648 efficiendis
1276 1581 1344 1646 im-

322 1695 486 1783 plicatiora
502 1696 759 1763 machinamenta
775 1697 928 1764 adhihere
945 1709 1071 1764 coactus
1088 1707 1148 1769 est,
1167 1716 1233 1781 qno
1250 1716 1342 1782 pres-

323 1809 388 1874 sius
410 1811 620 1898 phaenomena
641 1823 837 1898 sequeretur.
861 1809 1014 1877 Adrastus
1036 1821 1068 1874 et
1087 1807 1200 1874 Theon
1223 1806 1340 1896 Smyr·
1452 1849 1453 1888 r

325 1943 427 1995 naeus,
444 1923 638 2010 simplicitati
661 1923 837 1997 studentes,
856 1945 928 2010 quae
950 1920 1181 2010 philosophicis
1198 1920 1342 2008 ingeniis

323 2034 423 2122 magis
439 2035 599 2122 placebat,
617 2058 635 2100 a
652 2035 872 2122 phoenomenis
888 2035 992 2102 multo
1008 2035 1109 2122 magis
1125 2045 1337 2099 recesserunt.

788 2218 802 2274 S
824 2222 867 2275 l'l.
1193 2239 1200 2272 r

437 2351 576 2388 unvanus
595 2350 806 2391 asmonouonuu
826 2349 998 2396 anrtouonuu
1018 2349 1221 2388 nunornmrsus.

179 2511 218 2540 ιι
249 2512 305 2540 aur.
373 2479 502 2546 Auctori
523 2495 629 2548 autem
652 2496 772 2558 nostro,
797 2507 856 2550 nec
883 2483 1091 2550 arithmeticae
1110 2483 1339 2550 Chaldaeorum

327 2594 603 2670 considerationes,
617 2597 651 2660 in
667 2597 857 2662 definiendis
869 2609 1018 2662 motuum
1031 2595 1206 2661 coelestium
1215 2607 1341 2684 tempo

327 2707 416 2772 ribus
433 2708 526 2774 unice
547 2722 788 2797 occupatorum,
813 2732 872 2774 nec
893 2708 1093 2797 geometricae
1114 2709 1338 2796 AEgyptiorum

328 2818 575 2908 Graecorumque
593 2822 892 2888 mathematicorum
916 2821 1125 2910 hypotheses,
1150 2821 1338 2888 conantium

327 2933 505 2999 describere
526 2945 683 3000 astrorum
705 2937 787 3008 vias,
812 2934 1017 3000 satisfaciunt.
1042 2933 1226 3026 Graecorum
1248 2934 1336 3000 enirn

328 3045 591 3133 philosophorum
609 3047 770 3134 exemplo,
789 3059 820 3112 et
836 3048 997 3135 praecipue
1008 3047 1188 3120 Posidonii,
1201 3048 1259 3136 qui
1271 3069 1337 3112 om-

329 3157 406 3224 nino
423 3158 538 3222 similia
555 3158 616 3224 hac
632 3159 672 3224 de
693 3183 728 3224 re
750 3160 968 3231 disseruerat2,
987 3158 1195 3224 arithmeticae
1216 3171 1249 3224 et
1268 3182 1338 3246 geo

328 3270 468 3336 metricae
479 3269 528 3334 illi
540 3271 738 3336 astronomiae
750 3271 931 3338 addendam
946 3271 1061 3336 merito
1077 3271 1213 3336 credidit
1223 3273 1337 3336 mecha

330 3387 442 3456 nicam,
460 3382 526 3456 vel,
545 3393 581 3447 ut
596 3382 665 3470 ipse
675 3383 827 3470 loquitur,
844 3385 997 3472 physicam
1010 3384 1252 3457 astronomiam,
1265 3407 1337 3472 qnae

321 3496 473 3563 deveris
499 3507 646 3562 motuum
670 3497 843 3564 coelestium
869 3497 993 3585 legibus
1014 3509 1045 3561 et
1066 3497 1168 3562 causis
1192 3497 1336 3584 inquirit.

370 3665 377 3694 ¹
398 3660 464 3716 Vide
476 3659 607 3715 Ptolemaei
620 3661 703 3734 Comp.
718 3661 790 3715 moth.
806 3663 855 3724 lx,
871 3681 900 3725 a,
914 3673 933 3715 t.
945 3663 984 3725 11,
997 3681 1024 3736 p.
1039 3665 1091 3716 118
1101 3661 1209 3716 Halmae.

369 3757 379 3790 ¹
398 3753 465 3810 Vide
480 3752 584 3809 Gemini
603 3751 722 3826 Epitomes
740 3751 869 3807 Posidonii
887 3752 1129 3828 Meteorolopioorum
1148 3755 1332 3828 ingruentunr,

331 3848 402 3922 qnod
417 3865 447 3902 cx
458 3845 602 3902 Alexandro
611 3847 705 3902 sumsit
714 3847 879 3922 Simplicius,
893 3847 918 3900 in
928 3845 1004 3921 Phys.
1017 3850 1055 3912 ll,
1068 3849 1113 3902 iol.
1127 3851 1163 3906 tt
1177 3849 1191 3901 h
1205 3847 1262 3902 dld.
