2964 4824
473 409 528 469 DE
551 405 850 469 ts'rnoltottla
1103 409 1165 472 259

158 537 239 605 clus.
258 533 476 606 Describatur
491 557 569 629 ergo
587 561 666 630 πρχ.
685 531 819 620 Quum,
838 547 977 626 propter
992 501 1167 626 parallelas

158 657 277 736 lineas,
295 657 407 751 anguli
422 685 441 725 τ
459 671 492 725 et
507 663 534 746 φ
547 659 635 751 aequi
651 657 718 725 sint
731 657 820 724 inter
834 679 884 734 se,
901 657 936 722 in
956 655 1089 724 circrdis
1109 679 1167 724 au-

158 793 230 848 tem
248 781 336 873 aequi
360 778 471 873 anguli
495 777 659 848 similibus
682 775 826 848 arcubus
848 775 1047 857 innitantur,
1075 791 1109 846 et
1133 779 1167 844 in
1255 775 1260 786 '

159 902 263 994 aequis
277 901 412 970 circulis
429 903 533 994 aequis
551 903 653 968 etiam
669 899 829 978 arcubus,
847 921 906 967 seu
921 898 963 967 ad
978 913 1093 968 centra
1110 923 1168 969 an-

160 1021 230 1116 guli
250 1023 331 1101 sint,
352 1047 411 1092 seu
434 1021 476 1092 ad
500 1020 661 1098 ambitus,
685 1023 785 1113 igitur
807 1041 901 1088 arcus
926 1047 985 1116 ρπ,
1011 1047 1052 1090 επ
1074 1035 1107 1089 ct
1129 1047 1170 1106 μο

161 1142 287 1213 similes
303 1153 405 1228 erunt
420 1147 510 1212 inter
531 1167 580 1222 se,
601 1155 701 1235 atque
725 1163 821 1208 arcus
843 1167 884 1209 επ
907 1155 940 1208 et
963 1167 1003 1226 μο
1025 1145 1114 1211 inter
1136 1167 1171 1210 se

163 1267 264 1334 ctiam
282 1269 382 1360 aequi.
407 1266 447 1334 ln
472 1287 540 1358 quo
561 1285 640 1357 ergo
662 1277 817 1356 tempore
840 1262 898 1331 Sol
921 1289 962 1331 επ
980 1285 1097 1332 arcum
1116 1287 1171 1334 ex-

162 1390 300 1457 centrici
319 1411 477 1456 emensus
495 1401 557 1465 cst,
578 1389 613 1454 in
632 1386 755 1456 eodem
774 1388 875 1456 etiam
895 1399 1052 1456 connum
1067 1415 1090 1474 μ
1105 1389 1173 1482 cpi·

163 1509 264 1603 cycli,
283 1533 346 1603 per
363 1533 480 1579 arcum
503 1535 543 1595 μυ
566 1507 733 1588 delatum,
759 1508 948 1604 epicyclum
971 1504 1024 1588 εζη
1047 1511 1082 1576 in
1103 1535 1174 1603 πρχ

163 1627 345 1710 transtulit,
373 1646 407 1700 et
423 1631 496 1710 Sol,
524 1653 642 1700 areum
670 1657 711 1699 επ
727 1632 762 1698 in
785 1634 976 1698 excentrico
998 1651 1172 1710 emensus,

163 1737 329 1822 ordiendo
345 1777 363 1821 a
381 1766 509 1846 puncto
528 1779 557 1832 ε,
578 1751 613 1820 id
632 1765 682 1820 est
699 1776 718 1820 a
735 1765 863 1846 puncto
883 1781 916 1847 ρ,
935 1773 1052 1820 arcum
1072 1755 1174 1822 etiam

163 1873 303 1970 epicycli
318 1903 363 1970 ρπ
374 1875 520 1945 similem
534 1873 716 1968 descripsit.
732 1873 829 1942 ldem
842 1887 956 1943 autern
971 1894 1052 1942 eum
1064 1871 1174 1943 iacere

163 1999 198 2062 in
217 2000 313 2066 omni
332 2011 444 2068 motus
462 1999 512 2066 sui
532 2009 625 2090 parte
649 1995 874 2066 demonstrari
896 2009 1017 2090 potest.
1039 1995 1173 2092 ltaque,

164 2129 276 2186 totum
295 2143 451 2189 emensus
469 2119 712 2192 excentricum,
731 2117 790 2186 Sol
809 2131 920 2188 totum
937 2121 1039 2186 etiam
1055 2117 1176 2187 descri-

165 2237 225 2306 bet
241 2239 430 2336 epicyclum
448 2271 454 2306 :
471 2240 565 2334 quod
580 2239 812 2308 demonstrare
831 2239 1019 2332 oportebat.

566 2471 664 2527 [CAPUT
681 2469 773 2526 xxvii]

317 2585 359 2632 DE
378 2584 464 2633 sotis
482 2583 706 2632 llES‘l'lTU'llOllE
725 2583 755 2630 ΙΝ
774 2583 852 2632 IDEM
870 2583 1024 2633 PUNCTUM.

218 2726 299 2798 Haec
312 2753 393 2799 vero
409 2729 510 2798 etiarn
528 2727 570 2797 de
587 2729 706 2798 ceteris
726 2730 873 2797 erraticis
889 2725 1175 2808 demonstrantur,

168 2851 234 2920 hoc
245 2865 378 2920 tantum
391 2865 547 2944 excepto,
562 2849 655 2944 quod
667 2847 725 2920 Sol
738 2852 809 2918 sine
823 2847 891 2918 ulla
906 2851 1093 2920 mutatione
1105 2850 1178 2920 haec

169 2969 277 3042 iacere
292 2971 425 3042 videtur
442 2970 632 3042 secundum
651 2985 830 3065 utramque
849 2969 1079 3067 hypothesim,
1099 2973 1178 3066 quia

170 3092 275 3184 ipsius
290 3095 543 3164 restitutionum
563 3109 735 3187 tempora,
756 3107 830 3163 tum
849 3091 1084 3187 longitudinis,
1105 3108 1180 3162 turn

215 3323 222 3350 ⁵
245 3325 278 3383 ln
295 3324 393 3384 codice
408 3332 501 3394 τουτί,
518 3337 662 3409 utsupra.

212 3427 221 3454 ⁶
246 3427 303 3486 Pro
318 3435 368 3486 τοῦ
384 3451 415 3510 ρ,
432 3431 462 3487 in
477 3431 576 3490 codice
591 3430 698 3513 legitur
712 3453 761 3512 πρ,
778 3419 836 3492 Sed
852 3450 939 3514 supra
954 3453 976 3489 π
992 3439 1060 3491 lunt
1074 3442 1181 3512 puncta

169 3529 283 3590 librarii
297 3527 508 3591 dubitationem
525 3533 690 3594 indicantia.
704 3533 778 3595 Vide
793 3534 934 3595 Tabulam
949 3556 981 3602 a,
998 3539 1032 3593 n*
1047 3531 1084 3616 37
1099 3531 1125 3593 d.

212 3633 221 3662 ⁷
244 3633 279 3692 ln
293 3631 393 3692 codice
408 3636 572 3718 ἔγκεντρον.
942 3635 944 3642 ’

212 3738 224 3766 ⁸
245 3736 461 3819 Solissignum.

213 3842 222 3872 ⁹
245 3842 276 3900 ln
294 3839 392 3901 codiee
408 3844 516 3901 αὐτούς.
