2958 4824
472 424 528 486 DE
551 420 853 486 isrnououts.
1109 421 1163 482 171

584 618 681 676 [carm
697 617 736 673 nl

487 707 490 721 ¹
548 753 594 801 ou
616 750 789 801 zonlnco.

208 913 447 1009 Unusquisque
471 927 665 986 ceterorum
689 912 897 982 circulorum
922 931 999 980 vere
1024 909 1168 982 circulus

156 1048 226 1114 est,
247 1059 315 1104 una
335 1036 425 1106 linea
444 1033 684 1108 circumdatas.
704 1031 773 1104 Sed
794 1034 853 1128 qui
873 1029 997 1103 dicitur
1015 1029 1168 1102 zodiacus

154 1155 372 1228 latitudinem
393 1157 543 1250 aliquam
564 1154 693 1246 habere
716 1155 937 1247 conspicitur,
957 1165 997 1224 ut
1017 1155 1168 1248 tympani

156 1278 319 1357 circulus,
340 1291 374 1347 et
392 1281 427 1349 in
447 1279 550 1371 ipsius
558 1274 742 1346 'latitudine
755 1272 996 1347 describuntur
1009 1275 1112 1368 signa.
1128 1272 1169 1342 ln

156 1399 355 1472 illoautem
376 1400 542 1498 persique
565 1397 681 1470 rudius
706 1404 846 1468 vocatur
870 1396 1030 1474 circulus,
1054 1396 1113 1489 qui
1137 1408 1170 1466 et

157 1523 324 1596 maximus
355 1536 404 1592 est
435 1510 652 1615 tropicosque
684 1521 790 1615 tangit
824 1520 874 1592 in.
891 1541 967 1590 uno.
994 1518 1169 1610 utriusque

154 1655 284 1736 puncto
310 1656 344 1712 et
368 1641 507 1737 bipartit
531 1641 815 1737 aequinoctialem.
839 1639 928 1712 Sunt
947 1661 1028 1710 vero
1052 1637 1170 1711 cuculi

154 1765 317 1858 utrinque
345 1763 561 1834 latitudinem
590 1761 717 1834 zodiaci
744 1765 966 1836 terminantes
994 1775 1027 1832 et
1054 1759 1169 1835 medio

154 1886 315 1957 minores.

580 2075 681 2132 {carm
697 2077 747 2133 m]

446 2208 487 2255 DE
507 2207 729 2258 inconstantius
746 2207 877 2257 sattius.

210 2363 307 2436 Astra
321 2369 498 2464 pleraque,
515 2393 593 2464 quae
606 2384 640 2441 et
652 2371 836 2443 inerrantia
854 2385 947 2450 sunt,
966 2371 1171 2464 comprima

159 2501 194 2557 et
211 2489 357 2560 maxima
378 2489 525 2584 sphaera,
543 2516 620 2586 quae
637 2493 835 2572 universum
854 2495 1060 2562 extrinsecus
1077 2515 1170 2563 com-

158 2610 326 2703 plectitur,
348 2633 420 2682 uno
442 2607 674 2710 inerrantique
692 2613 847 2688 circulari
870 2627 967 2686 motu
987 2613 1088 2687 simui
1110 2615 1172 2684 cir·

156 2733 432 2826 cumvoivuntur,
450 2748 489 2804 ut
499 2735 549 2806 iili
560 2733 661 2806 infixa
675 2749 709 2806 st
719 2759 782 2830 per
794 2738 901 2832 ipsam
913 2749 1022 2814 mota,
1037 2737 1172 2830 positio

157 2878 306 2949 nemque
324 2857 360 2924 in
379 2856 511 2952 sphaera
530 2881 666 2952 sempor
685 2857 843 2928 eamdem
861 2871 897 2928 et
914 2857 1061 2930 similem
1083 2859 1172 2928 inter

157 2997 191 3043 se
202 2974 367 3046 ordinem
382 2979 563 3058 semantia,
581 3003 620 3048 ac
635 2979 766 3052 nuliam
783 2979 884 3050 aliam
899 2977 1054 3050 facientia
1066 2992 1172 3066 muta·

55 3091 59 3098 ’
157 3097 286 3166 tionem
299 3113 357 3168 aut
372 3097 504 3192 ligium,
525 3115 583 3172 aut
597 3103 823 3195 migrationis,
841 3115 899 3174 aut
913 3099 1168 3196 magnitudinis.

158 3229 215 3285 aut
232 3217 363 3288 coloris.

200 3425 209 3453 ⁵
232 3427 265 3486 ln
281 3427 380 3488 codice
395 3422 540 3490 &nicoma

200 3528 265 3588 ⁶ln
280 3530 380 3591 codice
395 3533 541 3610 ἀπλανεῖς.
594 3568 599 3576 ’

200 3629 210 3657 ⁷
231 3631 265 3692 ln
280 3630 380 3694 codice
395 3635 518 3716 ἀπλανῆ.

199 3733 209 3762 ⁸
231 3735 264 3794 ln
281 3735 381 3797 codice
396 3739 429 3796 ἐν
443 3739 655 3821 ἐσἹηριγμένοι,
769 3795 775 3800 .

198 3837 207 3864 ⁹
230 3839 264 3898 In
279 3838 381 3900 codice
396 3845 553 3910 viminacio.
