2992 4822
488 433 545 495 DE
567 431 866 498 astaonottm.
1138 433 1174 496 m

170 559 351 647 phirtarum
369 556 538 631 dubitatio,
555 555 661 634 isfuit
672 553 887 646 ‘philosophiae
908 553 1073 622 Socradoe
1089 555 1177 631 finis,

171 683 208 738 ut
224 673 264 738 ab
281 671 435 738 universe
451 689 561 736 rernm
579 680 700 736 namara
720 667 980 757 interpretatione
1002 667 1043 734 ad
1062 668 1180 734 mentis

170 785 320 850 humanae
345 783 622 870 investigationem
649 792 682 848 et
706 781 857 848 doctrinae
880 801 1012 848 murum
1036 779 1180 848 studium

102 903 104 907 ’
171 895 355 962 Graecorum
376 896 500 961 aniuaos
524 904 728 961 converteret.
746 893 825 966 Sed,
849 903 885 958 ut
904 891 955 965 fit,
978 891 1075 979 paulo
1099 891 1182 958 ultra

169 1009 305 1074 modum
317 1029 515 1097 progressus,
532 1006 670 1072 scientiae
682 1004 929 1077 mathematicae,
946 1014 1002 1068 aut
1013 1003 1179 1078 naturalis,

169 1120 204 1185 id
220 1131 362 1193 tantum,
384 1129 464 1184 teste·
482 1116 723 1204 Xenophontel,
746 1116 888 1182 Socrates
910 1115 1068 1203 probavit,
1094 1116 1182 1203 quod

171 1232 244 1298 usui
265 1230 388 1317 vulgari
410 1241 442 1295 et
457 1229 646 1316 quotidiano
668 1228 843 1298 inserviret.
865 1228 952 1294 Intra
969 1227 1028 1294 hos
1048 1227 1129 1296 fines
1148 1251 1182 1295 se

172 1365 238 1408 non
255 1341 413 1408 continuit
427 1341 571 1408 Platonis
585 1341 766 1428 ingenium,
785 1340 858 1428 qui,
881 1340 1032 1406 humanae
1049 1341 1182 1428 quidem

160 1441 292 1520 'naturae
308 1453 540 1542 contemplator
557 1452 716 1526 assiduus,
734 1452 811 1518 inde
828 1475 904 1518 vero
924 1453 959 1518 in
982 1452 1183 1521 sublimiores

172 1568 306 1632 idearum
327 1566 471 1653 regiones
493 1565 617 1632 evolare
638 1587 733 1632 ausus
753 1576 815 1638 est,
838 1565 1182 1654 pythagoricorumque

93 1717 96 1726 ·
169 1678 310 1744 imitator
319 1677 512 1752 etaemulus,
525 1677 766 1744 mathematicas
776 1676 1043 1746 considerationes
1052 1699 1183 1767 persese
1212 1732 1216 1742 .

169 1790 361 1880 philosopho
378 1790 568 1856 necessarias
584 1787 680 1864 esse²,
697 1801 728 1855 et
743 1811 854 1855 rerum
870 1789 1077 1856 mutabilium
1094 1801 1183 1856 natu-

169 1925 255 1977 ram,
268 1904 295 1969 si
307 1917 373 1970 non
394 1903 548 1976 scientiae,
561 1913 594 1968 at
609 1913 694 1968 oerte
707 1901 870 1991 opinioni,
884 1913 921 1968 ut
932 1903 1002 1990 jam
1019 1913 1184 1968 censuerat

168 2015 361 2089 Heraclitus,
379 2026 558 2103 patentem,
571 2014 763 2104 philosopho
775 2015 953 2082 etiamesse
963 2015 1183 2084 meditandam

168 2127 354 2215 judicavit³.
856 2143 859 2150 '

217 2241 243 2303 Ε
270 2239 548 2328 pythagoricorum
577 2239 876 2327 platonicorumque
901 2237 1017 2304 scholis
1046 2259 1181 2327 egressa,

171 2351 397 2426 mathematica
418 2352 519 2420 brevi.
532 2353 684 2426 adolevit,
712 2351 947 2440 peculiarisque
975 2363 1006 2418 et
1032 2373 1090 2440 per
1117 2373 1184 2418 sese

172 2475 318 2531 constans
340 2465 471 2554 scientia
493 2464 576 2532 facta
597 2475 644 2532 est
666 2489 673 2528 :
698 2485 770 2552 quae
794 2471 916 2538 tamen,
943 2483 1019 2533 cum
1046 2463 1183 2533 naturali

170 2575 302 2642 scientia
319 2578 504 2664 conjuncta,
519 2575 733 2666 pbilosophis,
747 2577 851 2643 stoicis
867 2577 1040 2666 praecipue,
1056 2598 1184 2643 summo

172 2689 260 2755 culta
283 2701 331 2756 est
353 2689 467 2756 studio.
490 2689 632 2756 Naturali
655 2700 763 2756 autem
782 2690 937 2764 scientias,
957 2687 1130 2756 Aristotelis
1153 2699 1185 2756 et

171 2799 383 2890 Theophrasti
400 2801 561 2889 exemplo,
579 2799 775 2890 peripatetici
796 2801 935 2867 manime
951 2801 1182 2875 incubuerunt,

172 2935 244 3002 quae
260 2923 370 2981 tamen
389 2923 454 2978 non
473 2913 529 2979 din
546 2913 581 2977 i'n
601 2935 713 2979 eorum
733 2913 840 2979 schola
856 2913 966 3000 viguit.
986 2911 1050 2978 Sed
1068 2934 1128 2977 nec
1147 2911 1182 2977 in

172 3025 344 3111 platonica,
364 3049 435 3114 quae
453 3025 734 3114 disceptationibus
756 3026 795 3092 de
818 3025 1044 3114 cogitationum
1063 3025 1184 3114 origine

174 3146 206 3199 et
222 3137 411 3204 certitudine
428 3138 549 3226 ingenii
565 3138 647 3204 vires
668 3131 886 3212 consumens,
897 3138 931 3202 in
953 3135 1184 3230 probabilitatis

213 3359 220 3388 ¹
242 3357 468 3416 Commentariorum
483 3360 533 3433 (Dc
541 3359 652 3432 Socmta)
665 3359 709 3425 IV,
723 3381 765 3432 ¹7·

211 3451 222 3482 ¹
241 3449 308 3506 Vide
317 3453 432 3522 PlatonIs
439 3454 524 3524 locos,
535 3450 694 3528 erepattim
700 3464 728 3510 et
736 3451 879 3530 Epiaomda
886 3455 1044 3529 praesrtim,
1054 3453 1184 3510 aThcune

174 3555 321 3618 congestos,
335 3547 437 3602 arithm.
456 3567 480 3602 c.
492 3567 516 3613 1,
532 3567 558 3622 p.
582 3568 649 3604 aaa·
665 3547 857 3604 Bellium-cf.
876 3549 1062 3612 Plutarchum,
1083 3548 1183 3604 Comiv.

173 3649 256 3711 quast.
268 3639 343 3702 VIII,
359 3657 388 3702 a,
401 3660 428 3715 p.
443 3642 616 3715 718·719;et
628 3641 666 3696 De
678 3641 735 3696 virt.
750 3661 810 3697 mor.
823 3661 846 3696 c.
858 3659 910 3706 ιιι,
923 3662 951 3718 p.
965 3645 1017 3702 tha
1030 3661 1056 3697 n.

211 3733 221 3765 ⁸
241 3730 307 3788 Vide
318 3731 433 3788 Platonis
450 3733 577 3799 Timum,
590 3753 616 3810 p.
634 3754 666 3806 ²7
684 3737 749 3791 1)-αὸ
765 3751 794 3800 s,
806 3755 833 3810 p.
845 3754 894 3808 ap,
907 3747 965 3811 etp.
979 3739 1014 3808 59
1025 3753 1087 3799 c,o;
1097 3735 1181 3808 Ramp.

173 3825 204 3886 V,
218 3844 244 3898 p·
259 3829 398 3896 law-hdo,
410 3835 436 3880 et
448 3827 498 3890 VI,
510 3847 536 3901 p.
552 3830 604 3886 508
616 3845 646 3892 u,
661 3846 690 3891 a,
704 3839 730 3882 ct
739 3847 764 3903 p.
777 3831 839 3884 διο.
