3016 4826
325 381 385 444 352
570 367 573 371 ¹
611 380 636 441 N
643 377 739 440 OTAE
761 378 804 440 IN
825 377 1041 442 THEONEM

366 503 404 566 Et
418 501 479 564 bare
491 502 612 588 quidem
627 514 697 564 suut
709 503 809 564 omnis
822 521 887 586 qua
901 502 939 562 de
952 500 1070 585 aptore
1080 502 1209 586 cujusvis
1219 501 1336 566 dimen-

324 608 406 668 sione
419 607 523 668 Noster
541 607 681 690 exposuit.
701 607 747 668 De
762 605 809 666 bis
827 627 893 690 qum
910 605 948 666 ad
967 606 1064 666 Terrae
1087 617 1117 666 et
1135 607 1334 668 maximorum

324 711 470 772 montium
483 709 569 771 motis
583 710 798 771 dimensionem
811 720 957 792 spectant,
968 707 1036 769 ride
1048 709 1152 768 Notam
1168 729 1199 768 n.

765 925 838 980 Νοιι
857 925 893 978 Η.

634 1053 673 1108 Ad
687 1073 709 1108 c.
724 1071 771 1116 ιιι,
785 1053 857 1108 soit
872 1053 900 1115 b,
913 1071 939 1128 p.
955 1057 1016 1109 156.

374 1271 505 1285 .......
515 1221 610 1304 [otro
620 1220 831 1282 tuturbdoror.
847 1219 987 1300 .])-Ad
998 1219 1078 1282 buno
1088 1219 1201 1291 locum,
1214 1223 1247 1282 iu
1257 1243 1335 1307 quo,

324 1337 426 1410 proeter
439 1345 592 1393 numeros,
609 1344 699 1408 pauca
712 1334 825 1384 tantum
838 1343 942 1384 eorum
956 1344 1021 1406 que
1034 1323 1066 1384 in
1080 1324 1180 1386 eodioe
1193 1323 1337 1408 leguntur

324 1429 445 1490 fuerunt
457 1428 614 1496 mutanda,
628 1426 681 1487 sed
694 1424 837 1488 nonnulla
850 1427 883 1486 in
896 1424 956 1486 fine
970 1425 1091 1494 desunt,
1106 1427 1131 1486 ai
1150 1425 1258 1489 codicis
1277 1427 1338 1490 lec·

324 1533 448 1601 tionem,
463 1530 559 1616 qualis
574 1529 727 1592 exhibetur
740 1531 772 1589 in
786 1528 885 1590 tabula
903 1550 937 1599 ι,
951 1535 983 1589 n·
997 1551 1032 1599 a,
1051 1551 1120 1590 eum
1138 1541 1216 1591 textu
1233 1542 1338 1592 norbo

325 1633 496 1702 contuleris,
515 1631 659 1714 intelliges
677 1631 773 1693 littera
793 1652 815 1694 ιι
836 1631 926 1693 semel
947 1631 1041 1716 posita
1058 1633 1188 1714 πρώτων
1208 1634 1339 1714 ἀριθμῶν

326 1734 473 1820 μυριάδας,
488 1734 592 1796 erdem
605 1735 700 1796 littera
718 1733 764 1796 bis
783 1745 834 1794 aut
850 1745 895 1796 ter
911 1735 1005 1818 posita
1022 1732 1165 1816 δευτέρων
1184 1745 1213 1795 et
1230 1738 1338 1816 τρίτων

325 1843 452 1923 ἀριθμῶν
467 1837 601 1922 μυριάδας
612 1837 789 1922 significatas
802 1837 904 1907 fuisse,
921 1837 1080 1922 dequibus
1095 1837 1126 1897 in
1142 1837 1217 1898 Nota
1236 1857 1255 1897 r
1272 1837 1337 1900 dio-

253 2008 256 2014 ,
325 1953 389 2002 tum
404 1953 462 2012 est,
475 1954 505 2003 et
518 1964 606 2025 supra
619 1941 671 2004 bes
685 1942 795 2004 litteras
808 1941 972 2004 minoribus
990 1941 1095 2002 litteris
1113 1952 1227 2004 notatos
1245 1940 1338 2002 fuisse

325 2047 468 2130 cujusque
475 2045 758 2130 ordinismyriadum
765 2045 1069 2130 numerunlntelliges
1076 2057 1228 2130 preterea,
1239 2065 1336 2129 quum

326 2150 454 2218 numeri,
470 2171 488 2209 a
507 2148 592 2210 nobis
609 2171 643 2210 ex
657 2149 691 2210 iis
706 2171 771 2234 qun
791 2160 893 2211 auctor
910 2151 973 2233 ipse
993 2161 1077 2212 antea
1096 2149 1207 2211 dixerat
1224 2149 1337 2224 matbe-

326 2252 430 2312 matice
441 2253 581 2336 expressi,
594 2253 625 2312 in
637 2252 738 2314 codice
749 2253 854 2336 partim
866 2263 943 2334 reete
955 2253 1054 2336 scripti
1064 2253 1258 2324 inveniantur,
1271 2275 1336 2336 par-

326 2355 379 2416 tim
393 2355 527 2416 mendosi
542 2355 613 2425 sint,
629 2356 781 2420 autetiam
796 2355 907 2425 desint,
922 2355 1071 2417 fortuitam
1089 2377 1153 2418 esse
1171 2377 1232 2418 non
1250 2377 1337 2439 posse

326 2457 529 2527 eoncordiam,
542 2478 654 2520 errores
669 2478 737 2520 vero
751 2469 780 2518 et
793 2458 967 2519 omissiones
979 2457 1167 2521 librariorum
1181 2457 1267 2542 culpa
1285 2469 1337 2520 sut

326 2563 463 2644 temporis
476 2561 584 2645 injuria
598 2561 746 2622 accidisse.
758 2559 897 2643 Superest
909 2571 947 2621 ut
956 2560 995 2621 de
1006 2561 1138 2623 numeris
1150 2561 1208 2622 iilis
1223 2560 1336 2622 nullam

327 2685 390 2724 esse
402 2685 486 2747 posse
498 2663 710 2727 dubitationem
722 2662 919 2724 ostendamus.
931 2662 1026 2746 Supra
1036 2667 1099 2749 jem
1114 2665 1225 2724 dixerat
1236 2675 1338 2724 auctor

327 2766 490 2828 secundum
505 2765 729 2830 Archimedem¹
745 2767 822 2827 inter
836 2766 937 2828 circuli
952 2767 1095 2828 ambitum
1107 2749 1142 2827 et
1160 2767 1336 2828 diametrum

328 2890 394 2928 eam
409 2889 471 2928 esse
484 2870 719 2952 proportionem,
735 2891 800 2951 quae
814 2879 859 2930 est
871 2869 947 2930 inter
967 2890 1005 2930 aa
1026 2881 1056 2932 et
1075 2891 1105 2948 7,
1125 2879 1154 2930 et
1165 2869 1337 2930 seeundum

330 2970 550 3038 Eratosthenem
574 2972 694 3032 maximi
714 2971 810 3031 'l'errae
833 2971 935 3033 circuli
956 2971 1101 3032 ambitum
1124 2993 1187 3032 ease
1212 2973 1338 3033 252000

331 3072 526 3143 stadiorum²,
547 3074 783 3156 diametrumque
805 3073 966 3136 stadiorum
988 3073 1091 3139 80182
1115 3075 1250 3158 proxime.
1269 3073 1338 3133 Haee

331 3177 433 3238 eodem
459 3199 540 3239 nune
557 3179 665 3238 iterum
685 3177 811 3238 declarat
831 3202 837 3236 ι
858 3189 887 3238 et
904 3189 981 3238 certe
1006 3176 1121 3258 (80181
1141 3197 1182 3243 -t-
1198 3180 1247 3256 ,-’,-)
1268 3203 1282 3234 κ
1302 3181 1339 3254 ἑξ

330 3279 1270 3374 :252000.Dixeretetism,secundumdrebimedem,quarum
1277 3301 1339 3364 par-

331 3386 405 3445 tium
416 3384 550 3446 diametri
559 3385 652 3446 cubus
664 3383 751 3446 babet
765 3387 816 3453 rt,
830 3405 931 3445 aarum
944 3406 961 3464 7
973 3387 992 3460 ξ
1002 3405 1063 3444 esse
1074 3383 1190 3466 spbaerae
1200 3383 1309 3446 molem
1317 3380 1338 3440 ³.

367 3641 372 3664 ¹
393 3640 425 3686 De
437 3637 569 3688 dimensione
579 3639 669 3697 circuli,
682 3657 748 3708 prop.
762 3642 790 3698 3,
801 3642 874 3690 theor.
886 3643 913 3697 3,
926 3659 950 3708 p.
967 3643 1011 3704 139
1026 3641 1126 3691 Rivaltii.

367 3725 374 3748 ²
391 3721 450 3772 Vide
462 3722 521 3772 Disr.
532 3733 615 3772 nostrae
627 3733 686 3790 part.
700 3727 720 3773 ΙΙ
733 3761 738 3781 ,
750 3743 770 3774 c.
784 3743 824 3781 ιιι,
839 3725 849 3772 S
862 3727 900 3772 10.

369 3809 377 3834 ³
393 3806 451 3856 Vide
462 3809 546 3857 Notum
558 3825 581 3858 e.
