2958 4824
467 426 523 488 DE
545 423 843 488 nsrnonousss.
1098 423 1155 484 201

150 551 406 631 «subrubeum,
428 564 461 620 et
478 564 610 620 sextum
629 573 700 620 esse
717 547 875 619 albedine
891 546 1092 618 seeundum.
1112 547 1161 618 Ac

150 671 290 743 «fissum
310 671 449 767 quidem
468 671 625 742 volutum
648 669 858 741 circumferri
880 684 992 741 totum
1012 692 1084 740 uno
1105 691 1161 738 eo-

151 824 167 860 «
178 792 327 890 demque
342 807 459 875 motu3
473 791 532 864 sed
548 795 583 861 in
597 805 672 862 toto
685 817 757 862 sese
769 791 918 862 volventi
933 803 1064 886 septem
1077 791 1163 860 inte·

152 946 168 979 (ι
177 919 284 986 riores
309 915 453 986 circulos
483 928 580 984 motu
607 916 710 984 totius
737 914 847 990 motui
874 915 1043 982 contrario
1072 911 1164 981 lente

154 1066 168 1100 a
179 1039 412 1114 circumverti3
432 1038 654 1130 ipsorumque
671 1033 797 1104 horum
819 1032 995 1102 oeierrime
1012 1031 1093 1102 ferri
1112 1055 1166 1103 oo-

156 1187 171 1222 «
181 1133 298 1227 tanim
308 1187 317 1239 ς
327 1155 495 1226 secundos
504 1169 538 1225 et
547 1157 693 1226 invicem
706 1178 821 1250 aequos
833 1153 1004 1224 celeritate
1016 1175 1086 1222 esse
1096 1177 1167 1248 sep

58 1296 65 1306 ·
156 1280 322 1358 «timum,
339 1291 470 1347 sextum
489 1290 524 1346 et
541 1279 699 1373 quintum
710 1297 724 1355 ς·
738 1275 906 1346 celeritate
924 1297 1006 1345 vero
1029 1275 1168 1344 tertium

156 1427 172 1464 α
182 1397 280 1480 ferri,
297 1413 336 1468 ut
349 1401 428 1492 ipsis
443 1396 583 1492 quidem
598 1399 707 1468 visum
725 1409 790 1476 est,
806 1409 985 1490 quartum,
1002 1396 1062 1490 qui
1076 1409 1168 1466 retro

157 1548 172 1585 «
182 1545 254 1590 sese
271 1517 467 1592 circumfert
484 1520 591 1614 magis
603 1543 706 1614 quam
725 1519 828 1588 ceteri
842 1540 979 1595 omnes3
998 1517 1168 1586 eeleritate

157 1671 171 1708 o
182 1655 296 1711 autem
307 1655 465 1736 quartum
476 1665 549 1712 esse
561 1641 715 1719 tertium,
728 1654 763 1710 et
771 1637 960 1710 secundum
971 1661 1041 1710 esse
1052 1638 1169 1708 celeri·

156 1776 249 1832 «tate
270 1759 583 1857 quintum3fi1sum
606 1775 722 1832 autem
741 1761 776 1829 in
796 1760 1006 1830 Necessitatis
1028 1757 1171 1854 genibus

157 1884 289 1962 «volvi,
311 1898 345 1953 et
361 1886 398 1952 in
418 1907 566 1978 superna
583 1885 686 1976 ipsius
703 1896 798 1977 parte
818 1882 1025 1953 circulorum
1048 1883 1171 1977 auique

157 2035 173 2072 o
182 2003 329 2075 insidere
341 2004 461 2075 Sirena
469 2029 549 2074 oum
560 2007 633 2100 ipso
643 2004 945 2084 circumvolutam,
960 2027 1036 2099 quae
1049 2026 1171 2074 vocem

159 2149 305 2204 «unam,
327 2139 451 2195 tonum
468 2150 580 2194 unum
598 2125 682 2206 edit,
703 2139 738 2195 et
756 2149 797 2196 ex
813 2124 987 2202 omnibus,
1012 2139 1092 2194 octo
1109 2149 1171 2192 nu-

32 2279 35 2284 ·
161 2268 298 2325 «mero,
320 2245 457 2340 [unam]
476 2245 693 2318 harmoniam
710 2249 931 2316 concineres

195 2397 216 2428 ¹⁰
237 2399 272 2459 In
286 2397 407 2460 Platone
421 2403 468 2460 καὶ
482 2405 568 2460 ἕκτον
582 2403 631 2460 καὶ
643 2403 793 2479 πέμπτον.

194 2499 213 2528 ¹¹
237 2499 312 2562 Ante
330 2491 442 2584 epiros,
457 2503 488 2562 in
509 2503 631 2564 Platone
645 2502 755 2584 legitur
771 2504 836 2573 τόν,
851 2501 933 2586 quod
952 2523 969 2562 a
987 2499 1115 2562 Theonis
1129 2521 1175 2562 oo

161 2604 226 2665 dice
247 2615 276 2664 et
294 2626 311 2664 a
331 2604 425 2666 tribus
444 2606 536 2689 ipsius
555 2604 685 2666 Platonis
707 2605 802 2672 abest,
823 2615 853 2666 et
871 2605 934 2666 sine
952 2625 1013 2688 quo
1033 2604 1176 2666 sententia

161 2707 255 2789 megia
267 2707 371 2768 elucet.
389 2708 455 2769 Non
470 2709 550 2770 enim
564 2709 602 2770 de
613 2708 826 2792 spondylorum
836 2727 924 2790 supra
935 2717 1175 2768 enumeratorum

161 2812 246 2872 tertio
261 2811 366 2895 agitur,
387 2812 440 2874 sed
459 2813 496 2873 de
510 2823 628 2896 quarto,
648 2813 702 2897 qui
716 2812 856 2885 celeritate
870 2812 963 2872 lenius
981 2829 1044 2872 esse
1059 2809 1174 2872 dicitur.

163 2911 259 2974 Satius
274 2935 345 2996 ergo
359 2915 492 2976 videatur
504 2919 556 2976 τὸν
570 2917 601 2976 in
616 2915 737 2978 Platone
751 2913 858 2976 delere.

196 3013 217 3046 ¹¹
237 3017 271 3076 In
286 3017 386 3079 codiee
401 3019 435 3078 dv
450 3025 535 3095 φασι.

198 3116 219 3146 ¹³
241 3119 332 3180 Voces
355 3124 408 3180 τὸν
426 3124 580 3204 τέταρτον,
603 3141 669 3204 qne
692 3122 813 3182 suntin
840 3119 973 3188 Platone,
1000 3117 1077 3180 male
1098 3118 1178 3201 apud

165 3217 315 3280 Thoonem
329 3222 444 3283 desunt.
460 3223 553 3284 Voces
569 3222 694 3302 μάλισῦα
708 3229 767 3284 τῶν
781 3222 892 3291 ἄλλων,
908 3233 1023 3290 eontra,
1038 3241 1098 3282 non
1110 3231 1179 3281 sunt

165 3323 197 3382 in
212 3317 345 3394 Platone,
358 3325 411 3386 sed
423 3325 701 3391 forsitenaddendoe
714 3339 796 3397 sunt,
813 3339 843 3388 et
856 3337 933 3388 oerte
952 3321 1101 3386 sententiae
1114 3345 1179 3408 pro·

166 3436 244 3486 sunt.
259 3425 335 3488 Vide
349 3428 452 3489 Notum
467 3449 494 3490 n.

199 3526 218 3558 ¹⁴
242 3529 1177 3614 lnTheonisoodicemaledoestunicolorem,quiinPiatoneest.

199 3630 220 3660 ¹⁶
243 3631 278 3692 ln
292 3632 392 3695 codice
406 3637 544 3696 ἐνάτονον
560 3636 639 3717 (sio).

201 3733 221 3763 ¹⁶
242 3735 276 3795 In
290 3735 391 3798 eodioe
404 3737 486 3808 deest
499 3736 539 3799 δέ.
608 3741 610 3746 ’

199 3835 219 3866 ¹⁷
242 3837 275 3897 ln
290 3838 390 3900 codice
405 3831 487 3902 de'est
501 3845 576 3919 μίαν.
591 3840 666 3902 Vide
679 3841 784 3902 Notam
799 3861 825 3901 n.
