2958 4824
473 406 529 465 DE
552 405 845 466 ASTRONOMIA.
1099 407 1160 468 227

161 543 195 598 at
213 527 311 598 nobis
326 553 345 596 a
361 542 488 622 puncto
503 527 761 622 deportantibus
775 528 916 596 minima
930 527 1162 622 magnitudine

159 648 330 722 videbitur
353 663 386 718 et
407 649 592 720 tardissime
610 664 723 720 motus
745 679 751 716 :
771 648 863 742 quod
886 645 1011 718 inciens
1033 654 1164 744 oonspi

108 765 115 782 '
160 774 249 840 citur
270 772 449 866 inquinto
475 786 508 840 et
533 770 675 842 dimidio
701 768 770 840 iere
793 767 900 864 gradu
924 770 1161 840 Geminorum.

160 891 280 980 Quum
291 907 404 962 autem
417 895 453 960 in
466 885 624 972 dfifuerit,
634 890 749 962 Terrae
760 894 932 986 proximus
941 906 975 960 et
981 890 1059 962 ideo
1066 895 1166 962 maxi-

160 1039 237 1084 mus
259 1017 369 1108 specie
394 1029 427 1082 et
450 1014 648 1084 celerrimus
670 1011 865 1082 videbitur:
887 1037 962 1104 quae
985 1035 1099 1082 rursus
1122 1012 1166 1083 ia-

161 1138 253 1204 ciens
266 1137 475 1229 conspicitur
488 1137 523 1204 in
536 1136 655 1228 quinto
670 1147 704 1202 et
717 1131 857 1202 dimidio
870 1131 976 1226 gradu
989 1132 1164 1228 Sagittarii.

160 1255 287 1350 Atque,
305 1272 344 1327 ut
360 1256 469 1350 poscit
486 1256 586 1334 ratio,
606 1258 640 1326 in
659 1253 777 1324 iisdem
792 1253 950 1347 gradibus
967 1253 1113 1325 Piscium
1132 1272 1167 1325 et

161 1376 424 1472 Virginismedis
433 1401 504 1446 esse
512 1374 1077 1470 magnitudineetmediaceieritate
1086 1376 1166 1446 ferri

161 1497 350 1578 videbitur3
361 1500 460 1576 etsie,
470 1499 590 1590 inquit,
600 1496 809 1566 omniasaiva
820 1474 1164 1591 eruntphaenomena.

146 1611 150 1619 ⁸
213 1619 390 1689 Invenitur
411 1614 484 1698 εζηκ
512 1617 656 1685 circulus
682 1618 846 1711 positione
874 1631 908 1686 et
934 1618 1167 1712 magnitudine

161 1739 269 1809 datos.
286 1740 407 1810 Duotae
420 1740 485 1808 sint
498 1741 589 1806 enim
602 1762 664 1832 per
677 1767 713 1824 μ,
730 1738 827 1807 lineis
841 1767 900 1828 αγ,
916 1737 967 1818 ἔδ,
982 1741 1164 1834 parallelo,

160 1861 225 1931 sibi
237 1862 384 1932 invicem
392 1859 434 1930 ad
447 1857 745 1954 perpendiculum,
760 1860 859 1928 linem
871 1885 928 1937 aar,
941 1888 994 1956 ρσ,
1012 1876 1045 1929 et
1056 1860 1165 1930 duotae

162 1985 228 2050 sint
240 1983 338 2052 lineae
353 1983 409 2069 ζμ,
424 2009 472 2068 με.
493 1982 616 2074 Liquet
628 2001 707 2074 ergo
726 1979 843 2048 circuli
859 1976 932 2059 εζηκ
949 1981 984 2048 in
1002 1979 1072 2050 dies
1092 1979 1165 2080 365

170 2102 220 2194 ild
240 2101 335 2171 divisi
348 2127 463 2171 arcum
476 2098 529 2182 εζη
541 2101 661 2169 talium
671 2099 805 2168 dierum
817 2099 888 2169 sore
907 2101 986 2196 187,
1001 2115 1166 2170 eternum

165 2249 221 2296 ηκε
230 2220 302 2290 fore
316 2221 447 2292 dierum
468 2220 535 2318 178
554 2249 564 2289 1
568 2221 616 2315 sir.
630 2221 739 2314 AEqua
753 2244 832 2314 ergo
845 2221 932 2289 inter
946 2246 979 2289 se
997 2221 1076 2292 hinc
1088 2250 1120 2290 εο
1134 2237 1168 2292 et

164 2369 231 2424 ern,
247 2345 339 2412 illino
355 2341 391 2440 ρζ
406 2358 440 2412 et
454 2372 495 2411 σκ
510 2345 625 2436 spatia.
643 2341 711 2412 Sed
725 2369 787 2420 σπ,
805 2367 869 2437 πρ,
887 2371 939 2437 ρο,
954 2370 1009 2422 οσ,
1024 2369 1166 2414 arcuum

163 2463 436 2558 unumquodque
453 2478 502 2532 est
515 2463 632 2532 talium
647 2461 779 2530 dierum
797 2488 837 2555 9¹
867 2490 876 2531 ι
881 2463 917 2556 fd
931 2487 973 2532 -t-
991 2461 1038 2560 rsr
1049 2466 1081 2534 6.
1100 2465 1167 2535 Da·

162 2684 288 2745 nimium
303 2693 510 2749 atramentum.
530 2683 574 2739 vix
592 2681 723 2762 legatum
741 2679 849 2739 deinde
865 2701 916 2760 pro
931 2703 986 2760 πρ,
1003 2705 1050 2763 ρο,
1068 2705 1119 2754 οσ,
1137 2689 1167 2746 in

164 2787 261 2846 codice
275 2785 382 2866 legitur
395 2769 435 2866 sip
446 2807 462 2843 ο
477 2770 523 2856 ἦῆ.

197 2888 216 2916 ¹¹
238 2890 273 2948 In
288 2889 386 2948 codice
400 2892 585 2968 περιφέρεια.

196 2990 216 3021 ¹²
240 2993 295 3051 Pro
303 2992 396 3051 verbis
405 2996 442 3056 <a
449 2994 588 3071 τετάρτου
597 2986 811 3053 ἑκκαιδεκάταν,
823 2988 853 3044 in
862 2988 960 3047 codice
968 2993 1128 3052 suntverba
1135 2996 1166 3050 ω’

165 3091 269 3170 ὀγδόου
278 3091 494 3158 ἑκκαιδεκάτου,
506 3113 570 3172 quae
580 3112 595 3148 e
606 3113 692 3172 prava
702 3090 825 3148 lectione
834 3103 861 3148 et
872 3092 1105 3174 interpretatione
1115 3119 1167 3155 nu-

165 3215 312 3252 merorum
323 3194 423 3254 litteris
431 3195 461 3252 in
470 3194 626 3274 antiquiori
634 3192 790 3274 exemplari
799 3192 1026 3274 significatorum
1036 3209 1098 3256 orta
1106 3220 1167 3257 esse

164 3295 338 3354 arbitramur
348 3323 353 3354 :
364 3295 470 3354 scilicet
479 3295 529 3354 uhi
540 3295 689 3376 legebatur
700 3299 736 3360 <a
745 3292 768 3351 δ’
778 3296 825 3362 ις’,
837 3295 973 3358 librarius
980 3319 1032 3381 per
1038 3321 1167 3362 errorem

164 3398 315 3477 descripsit
330 3420 352 3454 ω
367 3399 393 3468 η’
411 3398 460 3464 ις’.
477 3399 533 3458 Sed
552 3398 698 3458 evidenter
715 3396 774 3458 365
791 3402 808 3474 ξ
824 3403 894 3468 :d
912 3402 962 3484 (91
976 3408 1042 3480 ἢ
1053 3424 1094 3468 -r-
1105 3407 1165 3482 ᾗ).

195 3498 215 3526 ¹³
237 3499 270 3556 ln
286 3499 384 3558 codice
399 3505 577 3579 ὑπάρχουσα.

195 3599 215 3630 ¹⁴
238 3601 271 3658 In
287 3601 384 3659 codice
399 3623 459 3676 ομς.

196 3704 216 3733 ¹⁵
238 3705 272 3762 ln
288 3703 386 3762 codice
403 3726 464 3780 μτε.
482 3705 592 3764 Excidit
607 3710 637 3775 θ;
654 3719 729 3774 tum,
747 3711 915 3790 nescioquo
929 3709 1040 3769 librarii
1055 3731 1166 3778 errore.

165 3805 296 3867 additum
312 3818 354 3864 est
368 3828 397 3872 ε,
415 3827 450 3863 ne
466 3808 589 3886 angulus
604 3809 717 3870 duabus
733 3811 961 3872 tantumiitteris
975 3824 1130 3874 notaretur.

986 3931 1027 3983 15.
