2964 4824
476 401 532 462 DE
555 397 851 464 astronomi.
1108 405 1168 464 335

161 544 194 600 et
211 527 255 596 ab
273 529 398 597 arctico
418 550 525 621 usque
544 525 585 595 ad
604 527 723 621 polum
746 529 924 598 inerrantir
941 527 1081 622 spbterae
1097 548 1169 624 gra-

161 649 224 720 dus
237 673 293 718 sex
310 663 344 720 ot
356 651 509 744 trigiam
526 671 675 743 quorum
690 669 839 730 summa,
858 647 901 718 ab
914 651 1027 720 aestbm
1044 649 1171 720 circulo

161 771 203 842 ad
217 773 438 840 inerrantium
453 783 621 840 astrorum
634 769 773 864 sphaerae
790 769 924 866 polum,
942 784 991 840 est
1005 769 1171 865 graduum

163 895 222 965 66.
244 893 287 963 Ut
303 907 416 962 autem
435 891 682 986 compleantur,
703 915 811 986 usque
829 889 871 960 ad
888 892 1006 984 polum
1031 895 1097 962 axis
1120 917 1170 962 cr-

161 1017 344 1086 raticorum
355 1027 522 1084 astrorum
535 1013 674 1109 sphaerae
686 1011 808 1107 gradus
822 1035 885 1106 9⁰·
901 1012 1025 1084 addere
1039 1029 1172 1108 oportet

160 1136 283 1232 gradus
299 1141 361 1216 alt,
381 1135 441 1206 ubi
457 1159 527 1205 esse
543 1111 647 1204 debet
661 1134 761 1228 polue
775 1137 997 1204 erraticorum
1013 1137 1096 1214 aris,
1113 1139 1172 1230 qui

162 1258 299 1328 zodiaco
315 1256 358 1326 od
376 1255 661 1351 perpendiculum
680 1270 739 1326 est.
758 1255 947 1350 Supersunt
961 1276 1042 1328 vero
1059 1255 1102 1326 ab
1121 1281 1172 1326 er-

162 1383 348 1452 raticorum
369 1381 437 1448 mis
454 1378 534 1472 polo
557 1377 600 1448 sd
621 1376 799 1448 hibernam
822 1390 953 1471 partem
973 1379 1087 1448 arctici
1109 1379 1171 1448 cir-

61 1558 63 1570 .
162 1499 230 1570 culi
242 1499 363 1594 gradus
382 1527 391 1568 r
403 1527 421 1570 a
435 1529 444 1582 ς
458 1523 537 1568 nam
548 1499 670 1594 gradus
681 1513 777 1570 orant
786 1501 930 1570 omnino
940 1495 1004 1578 36,
1019 1493 1173 1595 equibus

163 1627 340 1718 postquam
364 1621 563 1692 abitulimus
588 1625 650 1700 st,
674 1634 856 1716 supersunt
880 1645 934 1692 rr.
956 1619 1092 1709 Quibus
1114 1619 1172 1692 ad-

163 1743 244 1814 dere
262 1747 396 1838 oportet
411 1741 454 1814 nh
471 1746 595 1814 arctico
614 1741 656 1812 ad
674 1745 824 1814 aestivum
841 1761 955 1812 rursus
969 1741 1091 1837 gradm
1107 1743 1170 1820 30.

163 1881 238 1936 tum
250 1867 292 1936 ab
303 1869 416 1938 estivo
427 1865 469 1936 ad
477 1861 748 1960 equinoctialem
761 1861 884 1959 gradus
897 1867 960 1946 rt,
972 1879 1006 1934 et
1017 1863 1060 1934 ab
1073 1869 1169 1962 oequi-

164 1990 299 2058 noctiali
322 1987 587 2067 attritionem,
610 2009 713 2080 quem
736 2005 849 2056 rursus
872 1988 976 2082 tangit
999 1986 1171 2064 sociacus,

164 2109 286 2203 gradus
301 2116 357 2186 nt.
372 2108 504 2205 [Atqui]
520 2122 599 2178 sunt
611 2107 732 2203 gratim
744 2111 789 2183 ab
800 2105 967 2202 graduum
981 2105 1071 2188 360,
1087 2123 1173 2204 quos

164 2232 267 2302 habet
280 2233 501 2303 uniuersitatis
514 2232 689 2308 circuitus,
704 2227 834 2298 decima
850 2233 966 2325 quinto
979 2253 1077 2325 parm
1094 2248 1173 2299 narn

165 2353 359 2449 quindecies
382 2357 424 2428 alt
445 2350 533 2422 liunt
551 2349 636 2422 360.
657 2349 839 2444 Propterea
858 2350 1001 2422 dicimus
1024 2355 1172 2446 inscripti

199 2490 220 2520 ¹'
241 2491 273 2551 ln
288 2491 387 2552 codiee
402 2495 597 2572 teramnanae.

199 2589 218 2622 ¹¹
241 2594 274 2654 ln
289 2593 387 2656 codice
403 2598 498 2678 potpsu
513 2594 593 2673 (sic).

201 2693 219 2723 '²
241 2697 275 2756 ln
290 2697 389 2758 codice
403 2695 609 2779 compendiose
625 2719 644 2774 μ
659 2707 688 2756 et
702 2693 789 2777 poulo
805 2695 939 2776 superius
949 2716 984 2756 cs.
997 2695 1070 2756 Vide
1079 2696 1173 2756 ‘l'abu-

166 2799 225 2858 lam
241 2819 272 2867 c,
289 2807 319 2858 n⁰
335 2822 362 2884 9.

199 2897 220 2930 ¹³
241 2903 273 2962 ln
289 2903 387 2962 codice
402 2903 621 2985 compendiose.
638 2915 670 2962 ut
686 2923 782 2986 supra,
798 2899 870 2961 Vide
885 2901 1027 2962 Tabulam
1047 2923 1078 2973 o,
1097 2911 1127 2962 n'
1143 2925 1171 2986 9.

200 3001 219 3032 ¹*
241 3003 273 3061 ln
289 3003 387 3064 codice
402 3010 528 3083 γίνοιντο
544 3029 549 3062 z
567 3005 647 3086 quod
666 3005 727 3072 hic,
744 3005 868 3063 maxime
888 3004 950 3062 sine
972 3001 1109 3086 particula
1125 3009 1173 3075 dv,

167 3105 234 3164 terri
250 3127 308 3166 non
324 3119 425 3189 potest.
546 3188 548 3192 .

200 3206 219 3237 ¹⁵
242 3209 273 3268 ln
290 3209 402 3278 codice,
418 3231 472 3293 pro
488 3217 560 3288 μήν,
579 3223 644 3270 ante
663 3212 738 3270 sicut
755 3222 783 3270 et
800 3211 907 3270 iterum
925 3221 989 3292 post
1003 3209 1050 3278 κδ,
1068 3211 1175 3293 iegitur

166 3331 218 3370 vox
232 3320 325 3394 μοῖραι
340 3313 546 3396 compendiose
562 3315 676 3397 scripto.
693 3314 766 3374 Vide
781 3311 925 3374 Tttbttlem
942 3301 973 3380 u,
989 3320 1021 3372 n⁰
1038 3335 1066 3397 9.
1082 3315 1175 3375 Priori

82 3459 84 3466 s
166 3414 230 3474 loco
248 3413 406 3496 legendum
428 3429 565 3499 putamus
590 3422 658 3495 μήν,
683 3417 761 3500 quod
788 3418 816 3475 in
839 3417 996 3498 antiquiori
1018 3416 1174 3498 exemplari

165 3518 369 3599 compendiose
385 3521 525 3602 scriptum
541 3541 603 3579 esse
618 3531 737 3602 pooemt.

199 3619 217 3647 ¹⁸
239 3619 271 3678 In
287 3620 386 3680 codice
399 3621 637 3690 mercenariorum
654 3622 706 3683 sed
721 3623 836 3705 punctis
859 3641 946 3705 supra
966 3644 983 3681 κ
1000 3633 1029 3681 et
1049 3645 1057 3681 r
1074 3625 1173 3706 positis

136 3803 137 3807 Ἰ
165 3723 196 3780 iu
213 3720 315 3784 ultima
334 3722 443 3804 syllaba
458 3723 593 3787 librarius
611 3725 823 3788 dubitationem
839 3742 922 3784 suam
938 3725 1083 3784 indicavit.
1101 3721 1173 3785 Vide

166 3824 307 3886 Tabulam
327 3845 360 3893 u,
379 3833 409 3885 n⁰
426 3828 463 3909 37
480 3851 506 3910 9.
