2958 4824
477 397 534 460 DE
557 393 855 459 esruortoulr.
1105 393 1165 452 217

574 607 670 665 [cirus
684 606 765 662 suu]

424 720 498 778 Quin
517 719 564 768 sir
581 718 795 778 AEoursltrruu
812 715 912 768 rcum.

218 883 442 980 AEquubiiiter
463 897 577 954 autem
599 884 749 960 moveri,
776 881 888 974 inquit
912 875 1087 958 Adrastus,
1112 899 1170 948 vo·

168 1020 263 1078 cctsu
280 1029 376 1099 aequa
393 1007 497 1100 spatia
518 1003 623 1098 aequis
644 999 856 1095 temporibus
877 1019 1088 1093 percurrere,
1108 1023 1172 1070 nec

167 1150 249 1198 vero
268 1123 425 1196 eamdem
442 1121 715 1218 unumquodque
727 1119 933 1190 celeritatem
952 1143 1045 1189 nunc
1058 1121 1172 1189 remit-

168 1259 255 1324 tere,
276 1269 370 1314 nuuc
386 1243 574 1314 intendere.

579 1449 679 1508 [cirus
694 1449 768 1506 xxc]

441 1563 517 1622 Qum
535 1563 583 1611 su
600 1560 777 1612 corrosus
796 1559 896 1610 sumi.

221 1723 418 1818 Composite
430 1721 513 1794 isui
527 1735 659 1794 estnon
672 1736 759 1794 sture
774 1720 972 1818 elipando,
993 1719 1176 1816 aliquando

169 1843 372 1938 retrogredi,
384 1841 633 1914 sedirseodem
641 1867 756 1914 versm
766 1865 902 1936 semper
910 1842 1178 1914 sindleminmo

172 1965 266 2036 dum.
277 1962 381 2059 Atqui
392 1963 491 2036 nobis
503 1963 936 2034 erraticavidenuuomnia
945 1961 1178 2056 inaequalium

172 2085 343 2168 nonnihil,
360 2085 515 2179 quedam
528 2088 630 2158 etiam
641 2083 799 2156 nonnihil
813 2086 1029 2180 incompositi
1039 2081 1177 2154 habere.

173 2205 340 2294 Quaenem
351 2221 403 2280 est
416 2211 516 2302 igitur
524 2207 598 2278 talis
611 2209 735 2301 speciei
746 2208 866 2276 causat
877 2203 991 2276 Prima
1003 2217 1053 2274 est
1064 2202 1176 2298 quod,

174 2351 283 2422 quum
300 2331 335 2396 in
350 2328 423 2398 aliis
438 2327 575 2423 sphaeris
590 2342 624 2400 et
640 2331 676 2398 in
696 2327 767 2398 aliis
784 2329 850 2396 sint
866 2326 1014 2406 circulis,
1028 2349 1092 2420 per
1103 2349 1180 2421 quae

174 2447 342 2528 feruntur,
360 2447 519 2520 videntur
532 2473 594 2544 per
609 2447 785 2520 zodiacum
803 2445 899 2527 femi,
921 2449 1005 2518 sicut
1019 2449 1093 2542 jam
1113 2444 1181 2516 dic-

174 2584 249 2640 tum
268 2582 326 2638 est.

583 2757 683 2815 [curus
698 2755 779 2812 xxm]

234 2869 304 2928 Qum
321 2870 370 2919 sir
386 2868 510 2920 rosmo
527 2867 649 2918 surruu
666 2866 879 2922 circumitus,
898 2865 950 2931 [ur
966 2865 1126 2916 ruscum

537 2951 664 3000 somnis
682 2951 805 3000 ciccum
813 2949 829 3015 1.

230 3125 294 3194 Per
310 3127 450 3198 accidens
469 3143 600 3208 autem,
621 3142 659 3196 ut
676 3124 805 3198 dictum
829 3141 878 3198 est
900 3143 1012 3208 antee.
1032 3129 1184 3222 quamvis

179 3245 368 3340 simplicem
388 3253 565 3344 proprium
588 3245 764 3344 perficiant
785 3263 920 3320 motum
943 3262 1074 3343 septem
1097 3271 1187 3326 'elra-

179 3369 262 3447 tice,
283 3367 396 3461 plures
423 3369 567 3439 circulos
589 3367 785 3440 describunt
809 3372 956 3442 invicem
980 3366 1183 3438 differentes.

180 3484 285 3572 Quod
305 3486 404 3558 nobis
424 3489 478 3592 vel
495 3492 531 3558 in
548 3514 617 3560 uno
636 3489 765 3560 clarum
787 3489 876 3562 soret
898 3487 1187 3562 considerantibus

127 3683 130 3689 ,
180 3611 327 3676 maxime
358 3611 541 3702 conspicuo
571 3624 604 3680 et
632 3614 778 3682 maximo
809 3613 994 3681 errantium
1019 3624 1187 3678 astrorum

223 3781 232 3810 ⁸
256 3781 329 3842 Vide
341 3799 365 3842 c.
382 3801 441 3841 xxu
458 3781 546 3842 finem
561 3795 590 3844 ct
602 3784 705 3845 Notum
720 3805 746 3845 x.
