2970 4822
475 415 532 480 os
554 415 853 480 rsrnouourr.
1126 393 1167 482 os

158 543 307 610 videntur
324 539 482 608 :Martem
504 539 653 610 videlicet
673 539 714 606 ad
733 537 969 628 gradususque
983 551 1106 630 septem
1127 544 1168 610 ab

158 655 304 744 ecliptico
320 653 435 720 distare
451 651 586 726 videri1,
602 651 714 718 Jovem
731 650 890 738 usquead
906 661 970 718 tres
987 651 1121 740 gradus,
1137 667 1169 722 et

157 767 334 834 Saturnum
349 787 451 852 usque
471 763 512 830 ad
532 763 633 838 duel,
650 763 731 830 dicit
749 761 948 830 Ptolemaeus.
969 765 1075 832 Venus
1094 788 1168 833 vero

158 878 322 967 usquead
349 877 466 966 gradus
494 897 624 948 novem,
651 874 827 942 Mercurius
853 875 1023 962 usquead
1051 878 1167 966 gradus

156 1015 256 1081 prope
272 1002 413 1080 septem,
433 991 474 1056 ab
492 987 638 1077 ecliptico
654 987 773 1052 distare
790 987 963 1074 aliquando
980 1001 1166 1064 cernuntur,

155 1105 287 1170 testibus
310 1101 542 1168 recentioribus
566 1101 766 1166 astronomis.
789 1099 1031 1186 Digressionum
1057 1114 1167 1170 autem

155 1216 287 1282 illarum
302 1214 337 1278 iu
358 1211 579 1286 latitudinem,
596 1234 670 1299 quae
689 1234 708 1278 a
729 1211 924 1278 Cleomede⁸
939 1213 1041 1288 aliter,
1063 1237 1082 1280 a
1104 1214 1166 1282 Pli-

156 1328 235 1394 niol
255 1326 347 1392 aliter
366 1325 463 1390 etiam
485 1325 709 1398 aestimentur⁵,
732 1324 855 1392 medias
871 1323 956 1400 iere,
971 1338 1009 1392 ut
1026 1327 1166 1402 videtur.

156 1438 347 1527 quantitates
363 1435 517 1504 Adrastus
532 1437 610 1502 dare
624 1436 741 1513 voluto
758 1437 820 1502 nisi
835 1436 916 1504 sorte
932 1460 986 1504 eas
1001 1461 1067 1505 non
1083 1463 1165 1508 sem-

154 1572 213 1638 per
222 1549 349 1616 eosdem
358 1547 600 1642 esseiguoravit.
613 1548 758 1615 Credidit
767 1549 864 1614 etiam
875 1550 1042 1618 erectim
1052 1575 1165 1619 uuam·

154 1683 317 1748 quamque
329 1661 454 1728 stellam
464 1683 592 1750 semper
605 1660 639 1726 in
648 1659 776 1726 duobus
784 1661 906 1728 'iisdem
919 1662 1017 1750 signis
1026 1665 1166 1733 maxime

153 1774 193 1838 ab
214 1773 360 1860 ecliptico
379 1773 415 1838 in
436 1784 606 1860 utramque
623 1785 747 1862 partem
764 1774 948 1842 discedere:
964 1797 1076 1844 esrum
1091 1798 1165 1866 erpo

152 1886 314 1954 nodorum
330 1897 451 1960 motus,
469 1886 527 1976 qui
542 1885 743 1952 tardissimus
754 1885 889 1975 quidem
905 1888 1164 1979 est,ipsi1inoog·

153 1997 241 2064 nitus
256 1997 328 2064 luit.
341 1999 392 2064 De
405 1999 508 2064 Lunae
519 1997 679 2065 nodorum
695 2009 803 2072 motu,
819 2021 918 2088 quern
930 2023 1006 2068 sane
1018 2001 1164 2092 ignorare

153 2133 217 2178 non
235 2111 357 2198 potuit,
373 2111 471 2178 semel
487 2121 614 2178 tantum
629 2109 755 2178 locutus
768 2113 846 2185 esti.

199 2223 304 2288 Motus
327 2223 534 2288 erraticorum
554 2223 719 2290 stellarum
736 2223 771 2288 in
789 2223 909 2292 zodiaci
925 2226 1163 2314 longitudinem

153 2347 325 2421 apparentes
346 2346 379 2402 et
395 2345 551 2423 tauquam
571 2340 783 2424 peeesuuicia
802 2341 879 2404 seris
896 2348 927 2403 et
947 2339 1163 2408 lelioceutricis

153 2447 333 2534 plurimum
349 2447 544 2536 discrepant,
561 2449 702 2514 maxime
717 2449 804 2537 quod
820 2449 861 2516 sd
876 2449 980 2516 stellas
1001 2451 1080 2518 duas
1096 2453 1162 2520 Soli

152 2561 253 2625 Terra
268 2559 431 2648 propiores
451 2572 581 2648 spectat.
602 2562 626 2624 E
643 2561 742 2626 Terra
757 2561 980 2649 apparentium
996 2562 1127 2628 illorum
1144 2589 1162 2630 a

150 2671 239 2758 siguo
251 2671 375 2738 zodiaci
392 2671 433 2738 ad
445 2671 534 2738 idem
545 2673 674 2759 signum
686 2671 882 2740 circuituum
895 2684 1054 2762 tempora,
1068 2697 1162 2766 prop

150 2795 197 2848 ter
217 2783 467 2872 inaequalitatem
486 2783 698 2872 stationesque
719 2797 751 2851 et
772 2797 996 2872 retrogressus,
1016 2800 1161 2855 accurate

150 2895 278 2960 definiri
299 2918 363 2960 nou
384 2907 537 2984 possunt,
556 2896 617 2960 nisi
640 2897 724 2962 inter
743 2897 828 2962 varia
852 2897 1029 2964 multorum
1050 2899 1159 2964 unius·

150 3009 305 3096 cujusque
324 3009 423 3074 stellae
444 3009 639 3074 circuituum
663 3021 807 3098 tempora
829 3009 974 3076 medium
996 3025 1159 3100 computa·

150 3119 240 3184 veris.
252 3119 310 3186 Illa
325 3139 399 3186 vero
414 3132 557 3210 tempora
570 3118 738 3194 Adrastus,
753 3121 893 3188 Platonis
907 3134 938 3188 et
951 3123 1158 3212 antiquorum

186 3341 194 3370 ¹
216 3338 281 3394 Vide
293 3341 474 3403 Ptolemaeum,
488 3341 570 3414 Gomp.
585 3341 659 3396 nulls.
671 3343 745 3406 lllll,
761 3345 791 3408 3,
805 3357 825 3398 t.
836 3347 875 3409 ll,
888 3365 913 3420 p.
929 3345 982 3418 379
997 3346 1107 3402 Holmoe.

184 3435 195 3465 ¹
216 3431 281 3486 Vide
295 3431 395 3496 ibidem,
407 3455 433 3510 p.
449 3435 512 3491 38¹.

183 3529 194 3558 ³
213 3526 253 3588 ll,
267 3547 292 3598 7,
303 3546 329 3600 p.
347 3531 398 3582 150
409 3529 491 3584 Belli.

182 3623 192 3654 ⁴
211 3620 300 3683 ll,13
321 3619 392 3692 (16).

181 3719 190 3750 ⁵
209 3713 249 3768 Cf.
264 3711 446 3778 Ptolemaeum,
461 3715 544 3792 Comp.
557 3718 631 3776 mati.
645 3720 720 3784 lllll,
735 3721 765 3776 3.

182 3813 191 3842 ⁸
211 3807 277 3864 Vide
289 3808 370 3882 hujus
383 3807 496 3884 capitisi
512 3811 556 3865 lo.
