3016 4826
487 434 543 496 DE
565 433 866 496 Asrnouotssa.
1115 435 1179 498 365

167 555 388 641 aequinoctialis.
401 555 450 618 sed
462 555 586 640 ecliptici
599 556 699 618 circuli
713 569 793 640 parte
805 553 955 619 sumendae
966 553 1073 624 forent.
1087 577 1103 616 a
1118 577 1181 640 quo

167 658 266 722 Solem
278 658 428 721 discedere
440 661 535 740 magis
545 670 635 742 quam
646 659 825 722 Mercurium
836 657 959 720 ridicule
969 659 1057 719 nimis
1070 659 1178 720 salsum

167 773 225 830 est,
239 783 330 845 qnam
345 773 379 823 ut
393 783 410 822 a
425 762 545 823 Platone
558 763 638 824 credi
652 763 789 846 potarent.

209 865 322 926 Deinde
341 865 438 934 Plato,
462 865 541 948 apud
555 865 722 932 Thoonem,
745 865 816 926 dicit
830 865 928 925 lusum
944 875 1037 926 totum
1053 864 1127 926 volvi
1142 887 1179 926 co
1205 873 1212 880 '

166 979 264 1036 motu,
279 969 331 1052 qui
350 969 465 1050 prime.
481 967 578 1029 stellas
597 959 759 1030 inerrantes
781 967 913 1034 serentis.
935 965 1051 1048 spherae
1070 979 1125 1036 est.
1147 967 1178 1028 id

166 1082 212 1130 est
226 1071 292 1132 ooeli
306 1072 396 1132 totius
410 1072 521 1132 circum
536 1071 656 1132 Terram
671 1070 709 1129 ab
723 1081 788 1131 ortu
803 1069 840 1130 ad
855 1091 990 1130 occasum
1007 1071 1179 1153 quotidiano

166 1173 348 1234 revolutione
362 1172 487 1256 sphaeras
501 1193 603 1234 omnes
618 1174 765 1256 rapiente:
782 1171 833 1233 sed
847 1171 936 1232 simul
956 1173 1049 1240 intus,
1065 1183 1180 1232 contra-

167 1277 242 1336 riam
255 1276 287 1336 in
301 1287 428 1358 partem,
444 1275 475 1336 id
486 1287 531 1336 est
542 1276 579 1336 ab
592 1275 743 1336 occidente
757 1277 788 1335 in
801 1278 955 1344 orientem,
971 1275 1039 1336 ferri
1054 1274 1180 1336 circulos

166 1389 278 1462 septem
291 1399 426 1460 corpora.
440 1399 506 1460 quae
517 1379 643 1438 errantia
654 1377 801 1446 dicuntur.
816 1377 938 1440 serentes
948 1403 955 1447 ;
967 1399 1000 1438 ac
1012 1379 1104 1438 Lunae
1113 1379 1179 1463 qui·

167 1481 236 1542 dem
256 1479 413 1550 circulum,
428 1483 481 1565 qui
495 1483 571 1542 inter
585 1493 649 1544 octo
664 1493 706 1542 est
725 1494 854 1550 octavus,
871 1483 1011 1542 citissime
1029 1485 1178 1552 omniumr

166 1595 233 1668 post
246 1605 315 1645 cum
330 1585 468 1645 citissime
482 1597 511 1646 et
525 1605 607 1668 eque
619 1585 695 1646 inter
709 1607 741 1646 se
751 1583 820 1646 ferri
836 1587 1007 1668 septimum,
1024 1597 1137 1646 sextum
1151 1599 1180 1647 et

167 1689 319 1770 quintum,
335 1686 367 1746 id
386 1698 429 1748 est
448 1687 600 1756 Mercurii,
616 1688 736 1749 Veneris
755 1701 784 1748 et
802 1687 879 1749 Solis
898 1687 1035 1758 circulor,
1052 1709 1180 1773 quorum

167 1801 312 1850 astrorum
327 1791 422 1872 priora
437 1790 511 1858 duc,
527 1812 543 1850 e
556 1791 643 1852 Terra
658 1801 801 1876 spectata,
817 1811 937 1852 cursum
953 1789 1026 1852 Solis
1045 1813 1178 1852 annuum

167 1893 300 1954 comitari
319 1893 469 1960 videntum
484 1893 592 1954 deinde
606 1895 690 1954 tertia
703 1893 850 1956 celeritate
869 1891 938 1954 ferri
957 1903 1112 1976 quartum.
1126 1896 1179 1976 qui

167 1995 268 2056 Martis
282 2008 338 2063 est.
354 1995 512 2065 nmmum,
528 1995 761 2080 retrogradientem
775 1997 861 2081 rnopis
880 2017 962 2078 pnnrn
979 2007 1077 2056 ceteros
1091 2017 1180 2056 omncs

169 2096 472 2176 (ἐπανακυκλούμενον
487 2096 611 2176 pdlsrc‘lc
626 2105 684 2157 τῶν
700 2097 828 2178 ἄλλως
843 2111 906 2160 turn
921 2111 1024 2182 quarta
1035 2098 1181 2160 celeritate

167 2199 237 2259 lerri
256 2201 375 2262 tertium
394 2200 553 2270 circulum,
574 2203 626 2285 qui
646 2213 690 2262 est
707 2201 801 2270 lovis.
821 2213 850 2261 et
871 2202 974 2284 quinta
997 2201 1181 2286 minimaque

168 2304 347 2372 secundum,
356 2302 537 2386 quifiaturni
548 2316 601 2364 est.
615 2305 744 2364 Primam
755 2315 854 2364 eutem
865 2303 1020 2386 spheram.
1035 2325 1100 2388 quae
1112 2304 1179 2367 stel-

166 2405 264 2468 larum
278 2408 470 2468 inerrantium
486 2419 542 2476 est,
558 2409 646 2469 etiam
665 2407 703 2468 ab
722 2407 872 2469 occidente
891 2409 922 2467 in
941 2409 1084 2470 orientem
1103 2407 1180 2470 volvi

168 2529 228 2570 non
239 2509 363 2570 credidit
375 2510 473 2580 Plato,
486 2522 515 2570 et
528 2511 622 2571 multo
635 2511 843 2594 posterioribus
858 2511 978 2572 demum
991 2513 1177 2580 astronomis,

167 2623 233 2694 post
246 2613 394 2672 inventam
410 2615 628 2695 aequinoctiorum
640 2615 854 2696 processionem,
869 2613 1000 2696 placuit:
1017 2613 1054 2674 de
1068 2635 1128 2697 qna
1147 2636 1179 2674 re

167 2712 270 2774 Theon
284 2713 450 2798 Smyrnaeus
465 2717 528 2799 ipse
543 2719 664 2778 omnino
678 2716 765 2777 siluit.
781 2717 932 2785 Ceterum,
948 2739 1014 2801 que
1027 2717 1065 2777 de
1080 2739 1180 2778 erran-

167 2816 242 2876 tium
256 2839 413 2900 corporum
427 2820 615 2902 apparentibus
628 2819 823 2881 coleritatibus
835 2819 907 2879 dixit
919 2817 1014 2888 Plato,
1031 2839 1096 2880 rera
1110 2833 1179 2882 sunt

168 2920 281 2987 omnio,
297 2921 322 2979 ai
335 2943 405 2981 cum
419 2921 538 2984 'l'heone
552 2922 679 3004 legimus
694 2934 758 2984 octo
773 2922 951 2983 circulorum
970 2920 1073 2982 ordine
1091 2945 1178 3006 quar·

167 3033 246 3092 tum,
258 3023 290 3082 id
301 3035 345 3084 est
355 3025 454 3084 Martis
462 3071 469 3094 ‚
478 3025 638 3096 circulum,
649 3027 699 3108 qui
713 3025 796 3086 tertia
809 3028 885 3086 inter
896 3026 1057 3085 errantium
1066 3039 1176 3110 septem

168 3125 293 3188 circulos
316 3127 462 3188 celeritate
484 3140 543 3196 est,
567 3127 712 3212 retropredi
739 3129 824 3213 napis
846 3151 926 3210 quam
948 3141 1047 3188 ceteros
1070 3150 1177 3198 omnes,-

167 3229 269 3290 Martis
281 3233 361 3291 onim
373 3233 519 3294 maximus
531 3233 665 3294 omnium
681 3245 724 3292 est
735 3245 909 3316 retrnpresrns
922 3231 1025 3300 arcns¹‚
1040 3245 1069 3293 et
1077 3255 1180 3316 quam·

167 3335 210 3394 ris
224 3335 383 3394 errantium
404 3335 553 3396 stellarum
573 3348 766 3418 retrogressus
787 3334 959 3396 Ptolemeo²
978 3340 1179 3417 ορονγήαεις,

167 3436 199 3496 id
215 3447 259 3496 est
270 3447 368 3498 motus
382 3438 417 3496 ad
431 3439 514 3519 signa
529 3439 649 3499 occidua
664 3450 692 3498 et
705 3439 735 3497 in
748 3450 830 3498 motu
845 3437 908 3499 coeli
924 3438 1095 3521 quotidiano
1110 3459 1179 3520 pree

168 3538 319 3606 cedentia,
335 3539 478 3604 dicantur.
495 3541 675 3624 Adrastoque
690 3553 718 3601 et
733 3541 845 3602 Theoni
861 3540 1028 3624 Smyrnaeo³
1043 3547 1178 3620 προηγή-

206 3699 212 3724 ¹
229 3697 288 3747 Vide
301 3697 419 3748 Ptolemaei
431 3700 506 3767 Comp.
520 3701 586 3750 mctl.
597 3703 654 3758 llll,
670 3718 727 3749 ruri,

203 3782 212 3808 ²
230 3781 303 3848 Comp.
316 3782 384 3830 rncth.
395 3783 448 3830 llll.

204 3867 212 3891 ¹
229 3867 315 3913 Astron.
329 3883 350 3913 c.
365 3883 401 3914 xri
414 3875 437 3915 et
448 3883 493 3914 ιιι.
