3016 4826
502 413 558 474 DE
582 413 878 476 ASTRONOMIA.
1135 419 1196 480 359

187 541 303 600 viaeimc
320 557 426 598 sonans
444 535 618 596 tetrachordi
637 537 749 596 acutius
766 539 908 604 sonantis,
926 548 995 598 tunc
1015 538 1196 600 tetrachorda

188 641 360 702 dicebantur
375 639 518 722 conjuncta
530 639 742 719 (συνημμένα),
756 649 785 698 at
800 638 888 698 liebat
900 639 1131 722 heptachordon,
1147 661 1196 702 cu·

182 747 233 827 jue
248 755 380 804 extreme
396 743 456 804 duo
476 743 591 803 merdae
610 741 703 824 plenia
723 743 854 824 quinque
874 743 950 802 tonia
969 743 1123 813 dictarent,
1142 746 1195 826 qui

186 848 406 910 consonantiam
418 865 478 906 non
491 833 628 906 efficiunt.
643 843 867 926 Heptachordon
882 845 957 904 illud
968 867 985 904 a
998 846 1141 908 Mercurio
1153 847 1196 906 in·

186 962 306 1010 ventum
329 948 534 1010 fabulabantur
556 949 744 1030 antiquorum
766 947 916 1015 nonnulli,
938 969 1013 1030 quoe
1036 948 1198 1010 Alexander

188 1053 329 1140 praeiue
345 1054 427 1135 aequi
448 1052 548 1114 voluit,
569 1051 626 1112 Alii
646 1050 812 1110 [licebanta
829 1051 973 1112 Mercurio
987 1051 1138 1112 inventum
1159 1063 1196 1112 te·

188 1155 360 1217 trachordon
383 1154 533 1238 quoddam
556 1175 605 1214 aex
628 1165 711 1214 tonos
733 1153 945 1235 complectens,
968 1165 998 1214 ot
1019 1155 1103 1236 cujua
1127 1173 1197 1235 qua·

189 1271 256 1320 tuor
271 1259 387 1322 chordae
406 1259 530 1320 invicem
552 1256 731 1324 diatessaron,
751 1256 876 1338 diapente
895 1267 923 1318 at
949 1257 1077 1339 ἅναμανοη
1095 1277 1198 1318 coneo·

189 1361 383 1422 narent¹.Alii
391 1363 479 1422 etiam
487 1360 765 1422 dicebantblercnrii
773 1359 866 1442 lyram
874 1371 930 1420 trea
938 1370 1052 1420 tautum
1062 1357 1198 1420 habuieee

189 1465 313 1525 chordae
321 1463 341 1524 ¹.
353 1467 389 1524 At
399 1476 489 1532 certe,
503 1465 526 1522 si
538 1462 667 1522 Manueli
679 1463 826 1544 Bryennio
838 1463 982 1524 credimus
992 1461 1011 1530 ³,
1029 1459 1198 1544 heptachor-

190 1568 331 1628 donante
345 1566 552 1628 octachordurn
572 1565 724 1626 inventum
744 1565 811 1633 luit.
833 1577 862 1625 et
880 1577 951 1625 tuuc
970 1575 1081 1648 septem
1101 1533 1201 1647 hepal

189 1669 292 1731 ehordi
303 1691 389 1729 sonos
401 1667 514 1729 eillcere
524 1667 717 1730 credebantur
731 1679 807 1728 aetra
819 1679 930 1750 septem
941 1668 1074 1728 errantia.
1088 1667 1120 1729 si
1131 1687 1199 1750 prae·

191 1784 267 1832 terea
286 1770 402 1854 sphaerae
421 1771 559 1834 inerranti
579 1770 761 1830 tribuebatur
779 1791 869 1830 aonue
888 1769 1003 1830 chordae
1024 1767 1148 1852 alicujus
1167 1770 1198 1828 in

190 1885 309 1936 acutum
330 1885 398 1936 tono
417 1873 549 1934 distantia
566 1874 621 1953 (ala
638 1877 673 1932 τὸ
689 1871 742 1939 νει)
762 1871 1092 1954 σμοσλαμὸανομένηα),
1111 1870 1201 1932 fiebat

190 1975 386 2038 octaohordon
403 1975 553 2061 quoddam
572 1975 703 2036 inusitati
717 1977 846 2058 generis,
862 1987 890 2036 et
909 1974 989 2036 haud
1008 1977 1067 2036 acio
1086 1995 1125 2034 an
1144 1973 1200 2034 tale

191 2081 278 2140 luerit
292 2079 364 2142 illud
381 2080 460 2163 quod
475 2078 621 2138 Mercurio
641 2078 792 2140 inventum
812 2089 841 2138 et
859 2077 966 2140 coeleati
986 2077 1145 2140 barmoniae
1164 2077 1200 2136 ei·

191 2183 261 2243 mile
274 2183 389 2244 dicebat
403 2181 608 2243 Eratosthenes
618 2177 637 2240 ⁴.
653 2179 780 2262 Vulgare
793 2198 860 2242 vero
879 2180 1074 2243 octachordon
1093 2181 1199 2240 concti-
1248 2209 1251 2214 ·

192 2285 312 2346 luebant
331 2284 511 2346 tetrachorda
529 2284 589 2344 duo
611 2282 747 2365 disjuncta
769 2281 997 2364 (διαζυυγμένα),
1018 2283 1048 2342 id
1068 2295 1112 2342 eat
1131 2293 1200 2342 tono

191 2389 336 2448 distantia.
345 2386 550 2450 Octachordon
560 2407 630 2470 crgo
638 2395 777 2446 eeatouoa
784 2383 1038 2468 complectebatur,
1047 2397 1075 2446 et
1084 2384 1201 2444 cbordre

191 2485 269 2550 illiue
293 2503 426 2550 extremae
453 2501 535 2550 erant
558 2490 590 2548 in
619 2489 807 2550 consonantia
836 2486 973 2570 ἀναμυννα.
991 2469 1201 2571 ·Heptaobordi

191 2595 269 2662 soni,
281 2594 338 2653 eive
350 2594 481 2662 chorda,
494 2606 590 2660 ment,
600 2613 617 2651 a
627 2592 752 2674 graviori
762 2602 843 2672 parte
854 2590 1061 2672 incipientibus
1074 2615 1080 2648 :
1097 2595 1123 2650 ι’
1134 2593 1201 2650 tae-

191 2715 241 2766 τη,
260 2702 289 2754 2⁰
303 2699 477 2776 σαρυπόση,
494 2695 524 2755 3⁰
539 2694 673 2774 λίχανον,
690 2696 720 2760 [1⁰
741 2697 833 2770 μέση,
851 2693 880 2751 5⁰
893 2695 977 2772 τρίτη
995 2695 1199 2768 συνημμένων,

193 2799 223 2859 6⁰
230 2803 386 2880 παρανήτη
394 2802 594 2876 συνημμένων,
607 2799 925 2877 7”νητηαννημμένων.
936 2793 1200 2856 Octachordivero:

197 2908 224 2960 1⁰
246 2905 353 2972 ὑπάτη,
378 2907 407 2962 2⁰
422 2903 596 2983 σαρυπέτη,
618 2901 648 2960 3⁰
665 2899 796 2979 λίχανον,
817 2902 847 2965 [0⁰
867 2902 957 2975 μέση,
980 2897 1010 2958 5⁰
1026 2899 1200 2977 παραμέση,

194 3001 225 3063 6⁰
243 3008 325 3085 τρίτη
350 3002 571 3083 διεζευγμένων,
598 3011 627 3082 7⁰
651 3007 806 3084 σαμανητη
831 2999 1054 3079 διεζευγμένων,
1076 2999 1107 3058 8⁰
1130 3003 1202 3069 νηνη

193 3105 409 3187 διεζευγμένων.

236 3209 322 3270 Nunc
341 3209 540 3270 Alexandrum
558 3220 671 3292 poetam
693 3207 840 3267 adeamus.
861 3206 906 3266 Ab
925 3208 1116 3266 inerrantium
1139 3205 1202 3266 etel-

193 3313 288 3372 larum
304 3313 414 3395 spbaera
427 3313 464 3373 ad
479 3312 639 3374 Saturnum
655 3333 717 3372 esse
737 3309 797 3370 vult
817 3310 1020 3378 semitonium,
1042 3331 1059 3368 e
1078 3308 1202 3371 Saturno

228 3527 233 3552 ¹
253 3525 311 3575 Vide
323 3520 485 3583 Plutarchum
500 3530 532 3575 De
543 3525 637 3582 mico,
651 3545 672 3575 o.
683 3541 737 3574 axn.

226 3613 234 3638 ²
252 3607 310 3658 Vide
321 3609 449 3660 Diodorum
462 3613 497 3668 S..
510 3614 532 3667 1,
545 3627 592 3660 rvr.
604 3610 642 3659 Gi.
656 3611 700 3666 111,
714 3627 759 3658 cix.
786 3675 788 3680 Α

226 3696 234 3719 ³
253 3689 330 3741 Herm.
342 3703 395 3742 sect.
410 3714 431 3742 1.
442 3695 478 3743 Cf.
491 3695 590 3744 Dionem
600 3695 716 3750 Caesium,
731 3693 788 3743 Hist.
800 3712 853 3742 rom.
867 3695 986 3747 xxxvii,
1000 3709 1055 3742 auu
1068 3700 1092 3740 et
1101 3707 1147 3738 nx.

225 3778 234 3802 c
251 3775 310 3826 Vide
327 3776 396 3843 hujus
414 3777 513 3826 Tlreonia
533 3778 614 3843 capitia
631 3776 713 3830 linem.
733 3788 756 3826 et
776 3777 934 3829 Chalcidiuru.
950 3775 988 3824 tot.
1008 3779 1037 3823 ae
1055 3793 1070 3823 α
1088 3774 1200 3830 decentii.

194 3879 217 3926 p.
235 3862 452 3924 156·257Meursii.
578 3855 581 3862 ¹
