2970 4822
318 419 359 481 70
611 417 805 480 THEONlS
825 415 1030 480 SllYllNAEl

317 546 455 638 titudine
471 555 503 610 et
520 543 614 610 variis
633 541 815 610 recentioris
831 539 918 630 apud
930 539 1055 608 Grecos
1074 539 1205 606 musioae
1216 539 1334 608 inven-

318 657 478 730 tionibus,
500 655 556 722 sed
574 665 606 722 et
625 654 819 722 chromatico
838 675 953 742 genere
973 653 1117 720 consulto
1135 653 1332 731 abstinuitl,

319 767 408 858 quod
423 779 530 833 tamen
542 767 662 856 optime
679 767 857 840 noscebatl,
871 777 902 832 et
918 765 959 832 de
971 765 1074 831 trihus
1090 764 1221 832 musicae
1232 767 1334 855 parti-

320 883 395 954 bus,
408 902 488 968 quas
499 879 612 946 Theon
622 879 636 920 ³
646 879 811 952 discernit,
822 889 1054 945 commentatus
1064 877 1161 944 luisse
1170 878 1331 970 videturl,

321 993 543 1081 precipueque
569 993 609 1058 de
631 992 835 1081 pythagorico
853 991 910 1058 illo
933 991 1132 1080 sphaerarum
1153 990 1333 1056 ooelestium

320 1115 492 1179 concentu,
505 1104 546 1171 de
557 1125 636 1194 quo,
647 1115 764 1194 praeter
775 1103 908 1178 multos,
925 1105 1116 1194 scripserant
1126 1103 1223 1170 etiam
1233 1103 1246 1146 ⁵
1256 1113 1333 1169 ante

319 1215 414 1284 illum
434 1215 548 1284 Aretus
563 1218 598 1283 in
615 1216 739 1284 Conone
750 1219 779 1290 ⁶,
796 1217 1020 1284 Eratosthenes
1034 1217 1070 1282 in
1089 1213 1241 1282 Mercurio
1256 1235 1332 1304 poe-

321 1332 427 1396 matel
442 1341 474 1395 et
489 1329 667 1418 Hypsicles,
682 1341 754 1417 post
766 1330 861 1394 illum
877 1341 984 1396 autern
1002 1327 1155 1396 Adrastus
1171 1327 1331 1418 Aphmdi-

321 1441 446 1516 eiensis,
464 1442 517 1508 cui
531 1455 639 1508 tamen
656 1465 693 1508 ea
706 1442 748 1508 de
764 1465 799 1507 re
814 1442 1022 1530 Thrasyllum
1035 1453 1198 1508 auctorem
1216 1442 1329 1508 Theou

313 1547 471 1643 pretulit.
490 1553 697 1620 Astronomiae
715 1555 812 1620 etiam
828 1555 972 1629 deditus,
989 1554 1175 1644 Thrasyllus
1197 1554 1237 1620 de
1257 1555 1331 1622 Sole

323 1665 613 1734 commentarium⁸
624 1667 780 1741 ediderat,
799 1691 858 1733 nec
874 1689 938 1734 non
953 1668 1050 1734 libros
1062 1667 1103 1733 de
1117 1667 1332 1756 superstitiosa

323 1780 487 1853 meuserit,
501 1779 553 1846 cui
565 1802 770 1868 summopere
780 1781 912 1847 studuit.
925 1780 1107 1846 Platonicus
1118 1780 1215 1846 etiem
1226 1779 1331 1853 iuit¹⁰,

323 1891 512 1981 scripsitque
527 1892 640 1965 libros,
656 1893 690 1956 in
709 1892 841 1979 quibus,
857 1892 939 1958 sicut
953 1903 1061 1982 postea
1080 1893 1240 1966 Plotium,
1259 1891 1333 1981 phi-

324 2003 476 2092 loso'phiae
485 2004 698 2093 pythagoricae
711 2005 966 2072 amantissimum
981 2027 1049 2072 sese
1061 2004 1288 2079 ostendebant
1301 2017 1335 2072 et

324 2117 411 2186 illius
426 2105 637 2207 philosophice
655 2116 690 2181 in
707 2117 868 2205 plerisque
884 2117 1081 2206 discipulum
1098 2117 1195 2184 luisse
1209 2117 1335 2186 volebat

365 2325 373 2358 ¹
394 2321 459 2377 Vide
472 2319 657 2384 Plutarchum,
671 2321 708 2374 De
721 2320 827 2383 musica,
839 2339 862 2376 c.
875 2338 934 2386 nr,
946 2341 975 2396 p.
992 2321 1061 2393 1137
1076 2340 1101 2376 r.

364 2417 374 2448 ²
394 2413 461 2470 Vide
472 2413 607 2471 Thoonem
620 2415 676 2469 Sm.
689 2413 756 2469 Mur.
769 2433 792 2469 c.
806 2431 899 2478 mvr,
910 2433 937 2489 p.
952 2415 1002 2473 slis
1015 2414 1147 2470 Bullisldi.

363 2511 375 2544 ⁸
393 2506 497 2563 suithes
510 2525 533 2564 c.
544 2525 580 2572 ιι,
593 2527 619 2584 p.
636 2525 666 2562 st
682 2507 817 2570 Bullisldi',
831 2517 859 2574 et
871 2507 968 2562 Astron.
981 2505 1084 2581 Epilog.
1098 2507 1143 2562 sol.
1159 2509 1193 2563 28
1207 2507 1230 2561 h.

364 2601 375 2635 ⁴
394 2599 461 2656 Vide
473 2601 622 2664 Theonem,
638 2601 667 2656 ll.
685 2619 737 2666 cc.;
757 2602 945 2656 Nicomachum
960 2601 1049 2657 Gerus.
1071 2602 1191 2656 Hermon.
1208 2601 1234 2665 1,
1252 2621 1279 2676 p.
1300 2606 1334 2660 st

327 2694 475 2760 Meibomiia
490 2694 679 2770 Porphyrium,
700 2694 726 2748 io
743 2693 867 2749 Ptolemei
881 2693 1000 2750 Hannon.
1018 2696 1044 2760 Ι,
1065 2699 1094 2760 5,
1112 2696 1141 2749 in
1158 2693 1270 2750 Wallieii
1283 2693 1335 2770 Op.

329 2789 414 2854 till,
427 2808 454 2864 p.
469 2790 522 2846 ahi
532 2799 559 2844 et
574 2807 640 2860 ayo,
654 2799 681 2844 et
692 2787 823 2844 Achillem
836 2789 955 2853 Tatium,
969 2807 992 2844 c.
1007 2805 1105 2864 xrr‚p
1124 2789 1184 2853 sss,
1197 2789 1225 2842 in
1239 2789 1336 2842 Petarii

332 2881 430 2940 Urunol.
447 2879 531 2948 1630,
541 2882 628 2940 in-iol.
1152 2874 1156 2880 ’

369 2981 377 3011 ⁵
398 2975 464 3032 Vide
476 2975 607 3030 Achillem
620 2977 738 3039 Tatium,
753 2976 771 3031 l.
785 2996 808 3030 c.

368 3073 378 3104 ⁶
398 3069 464 3126 Vide
476 3067 606 3123 Achillem
619 3069 737 3133 Tatium,
750 3069 769 3124 l.
782 3090 815 3134 c.,
829 3081 855 3124 et
867 3089 889 3125 c.
903 3089 945 3136 xv,
956 3089 982 3146 p.
1000 3072 1060 3126 1³5.

370 3165 379 3196 ⁷
398 3161 495 3216 Preter
505 3158 637 3216 Achillem
647 3161 766 3226 Tatium,
776 3161 835 3216 ride
844 3161 980 3220 Thoonem
994 3165 1049 3220 Sm.
1060 3164 1157 3218 Astron.
1168 3185 1190 3219 c.
1205 3181 1247 3227 xv,
1263 3163 1307 3218 l'ol.
1320 3166 1336 3218 8

332 3255 361 3319 h,
374 3265 401 3310 et
411 3253 593 3317 Chalcidinm,
608 3254 653 3308 sol.
669 3256 704 3310 26
717 3275 734 3308 u
744 3255 858 3310 Ascensii
874 3257 910 3333 (p.
928 3259 978 3313 156
992 3258 1124 3329 Meursii).

370 3349 380 3380 ⁸
400 3346 466 3403 Vide
475 3345 605 3402 Achillem
617 3345 736 3412 Tatium,
750 3367 772 3402 c.
786 3367 841 3414 rm,
854 3369 880 3424 p.
898 3350 958 3422 139.

371 3439 467 3496 'Vide
489 3438 639 3515 Damophili
660 3437 760 3498 Scholia
782 3440 807 3495 in
832 3441 985 3499 Ptoloneum
1007 3443 1037 3500 ds
1058 3443 1183 3524 effutitur
1206 3451 1338 3506 astrorum,

352 3572 358 3589 .
430 3571 437 3586 .
500 3530 518 3586 il
560 3551 594 3596 ‚t
660 3533 690 3599 ‚i
709 3565 719 3574 -
758 3575 764 3590 .

332 3531 653 3682 p¹l⁹lliddndclionlisslahl
660 3533 803 3696 Juiefdllim
816 3630 850 3685 ad
861 3631 914 3686 Set.
925 3633 976 3697 Vl,
990 3634 1052 3704 575.

362 3721 383 3754 ¹¹
403 3717 471 3774 Vide
488 3719 674 3794 Porphyrium,
689 3721 726 3774 De
735 3721 786 3776 situ
797 3723 904 3788 Plotini,
917 3725 944 3777 in
959 3723 1070 3783 Fabricii
1083 3723 1198 3780 Biblioth.
1210 3745 1248 3800 pr.
1264 3735 1281 3776 t.
1296 3725 1340 3786 IV,

334 3832 359 3886 p.
377 3811 428 3868 1³0
437 3823 488 3866 vat.
503 3811 542 3866 ed.
