3016 4826
314 407 375 469 388
418 401 545 465 NOTAE
567 401 609 462 IN
631 400 848 462 THEONEM
871 400 928 462 DE
951 397 1251 462 ASTRONOMIA.

313 527 360 588 tici
376 525 476 608 polum
492 545 508 583 ε
522 533 551 584 et
561 523 658 583 arctici
669 543 784 605 semper
797 521 962 604 apparentis
977 519 1079 584 circuli
1092 519 1245 582 hibernam
1258 540 1323 602 per-

312 641 372 690 tem
386 651 403 686 ν
416 649 499 688 arcus
513 622 1041 693 erzac-aez36⁰-2d⁰=1a'.
1056 623 1151 704 (Idem
1163 625 1251 685 etiem
1265 623 1324 684 dici

312 741 407 813 potest
420 728 458 790 de
472 751 541 790 arcu
557 726 600 800 ηξ
612 728 688 788 inter
703 727 828 810 ecliptici
842 727 945 810 polum
962 749 981 799 η
995 738 1024 789 et
1037 728 1165 788 aectivnm
1179 728 1324 788 antarctici

312 847 437 917 portem,
446 844 479 892 ut
485 831 633 913 legiturin
643 829 756 898 codice;
767 829 817 890 ced
826 829 863 890 de
870 828 979 890 boreali
988 828 1193 912 hemispherio
1203 830 1322 912 agitur.)

312 935 391 996 Inter
404 936 536 996 arcticum
551 953 667 1017 semper
681 943 869 1016 apparentem
884 930 1028 994 circulum
1042 942 1072 992 ct
1086 931 1217 994 activum
1238 932 1325 1015 tropi-

312 1057 381 1098 cum
400 1059 484 1100 arcus
501 1059 528 1096 ct
547 1038 747 1121 (nequaquem
764 1055 833 1096 vero
847 1035 923 1096 inter
937 1035 1119 1096 antarcticum
1132 1033 1276 1096 circulum
1295 1046 1325 1096 et

311 1143 458 1211 aestivum,
473 1151 507 1202 ut
520 1140 551 1200 in
564 1141 664 1202 codice
677 1138 793 1221 legitur,
808 1159 892 1198 arcus
907 1135 1080 1218 (21:30⁰.
1095 1136 1141 1198 Ab
1155 1137 1252 1198 estivo
1266 1149 1324 1198 tro·

312 1245 379 1326 pico
394 1243 432 1304 ad
448 1241 679 1325 aequinoctialem
692 1239 837 1303 circulum
854 1261 938 1302 arcus
954 1238 1092 1308 cdzadffi
1116 1238 1161 1301 Ab
1179 1241 1325 1324 equinoc-

312 1345 374 1408 dati
382 1345 419 1406 ed
430 1344 587 1406 hibernum
600 1344 744 1426 tropicum
755 1364 839 1404 arcus
849 1340 997 1410 ttzctt.
1010 1342 1065 1402 Hic
1072 1341 1204 1404 subsistit
1214 1353 1324 1412 auctor,
1339 1405 1341 1410 ,

312 1468 415 1508 omnes
429 1447 482 1513 ζαθ
495 1444 670 1508 semicirculi
686 1457 781 1529 partes
795 1465 945 1513 emensus,
958 1465 1086 1528 quarum
1101 1465 1248 1506 summam
1262 1465 1325 1506 esse

319 1549 387 1611 180⁰
397 1549 428 1608 in
443 1561 543 1631 aperto
555 1561 608 1608 est.
621 1547 711 1630 Atqui
724 1549 775 1615 24⁰
785 1571 827 1605 =
836 1551 904 1632 iffi.
919 1547 997 1629 Ergo
1011 1545 1045 1606 δθ
1059 1547 1135 1608 linea
1146 1546 1325 1610 subtendenc
1341 1611 1343 1616 ,

313 1673 413 1713 arcum
430 1654 507 1712 inter
523 1650 690 1732 eclipticum
704 1661 734 1710 et
748 1647 981 1732 aequinoctialem
997 1649 1121 1712 circulos
1137 1661 1181 1710 est
1194 1651 1325 1734 inscripti

313 1754 424 1817 circulo
442 1753 612 1837 quindecim
626 1753 751 1814 laterum
765 1752 902 1836 polygoni
916 1752 992 1812 latus
1007 1752 1107 1835 :quod
1121 1752 1325 1815 demonstren-

313 1857 386 1919 dum
398 1867 498 1918 auctor
509 1854 564 1916 cibi
575 1867 775 1939 proposuerat,
791 1855 827 1915 Et
838 1856 869 1916 id
881 1855 1002 1939 quidem
1017 1877 1120 1916 verum
1132 1866 1189 1926 eet,
1203 1856 1278 1918 datie
1289 1857 1326 1918 iis

313 1959 467 2028 omnibus,
480 1979 554 2042 quas
570 1957 663 2028 dedit,
676 1960 831 2020 mensuris.
848 1957 907 2022 Sed
923 1959 961 2020 de
973 1958 1029 2020 hac
1041 1958 1104 2042 ipse
1116 1957 1243 2041 ecliptici
1254 1958 1327 2020 obti-

313 2062 431 2145 quitatis
445 2082 595 2131 menwrn,
611 2061 676 2124 ride
691 2083 757 2145 quae
771 2055 942 2124 monuim'uc
958 2062 987 2122 in
1003 2061 1202 2124 Dittcrtatianir
1220 2073 1327 2123 nostre

314 2176 396 2248 parte
409 2166 448 2234 ΙΙ,
463 2187 489 2225 c.
506 2163 639 2234 1v.§26.
