2964 4824
436 446 442 462 .
478 403 534 465 DE
555 403 855 468 asanonotsst.
1109 407 1171 468 265

163 553 271 624 eaque
285 543 426 624 propter
438 529 547 600 varias
562 555 639 627 erga
653 529 810 600 medium
826 551 888 624 per
901 530 993 626 signa
1006 531 1171 602 circulum

164 650 389 746 obliquitates,
406 665 463 722 aut
478 651 712 724 inclinationes
726 651 976 747 positionesque
984 649 1170 724 dissimiles.

567 831 666 890 [cuna
681 833 767 890 xxm]

163 927 206 976 ΒΕ
213 901 714 985 staatoittnus,anattattctnffltna
721 927 858 977 nonnus
867 927 906 975 ΕΤ
915 927 1173 984 auaaocEsstntts,

281 1011 379 1077 [QUOD
396 1013 437 1064 ΕΑ
453 1011 514 1062 NON
532 1011 670 1062 OMNIBUS
688 1011 846 1060 stttttltatt
861 1011 1059 1078 natantum,

216 1135 314 1208 Unde
335 1134 374 1207 lit
391 1151 430 1207 ut
446 1136 490 1208 de
507 1135 724 1219 stationibus,
743 1136 1002 1217 retrocessibus,
1022 1137 1062 1208 ad
1087 1153 1176 1208 anta

165 1256 320 1329 cedentia
342 1257 493 1330 motibus
517 1273 552 1330 et
569 1283 660 1354 pone
677 1258 909 1331 relictionibus
932 1284 1002 1330 non
1023 1259 1177 1330 similiter

166 1379 327 1452 omnibus
349 1379 523 1452 obveniat.
544 1380 612 1452 Sed
635 1385 670 1451 in
691 1385 843 1479 quinque
862 1380 1052 1453 errantibus
1074 1381 1176 1453 stellis

165 1502 238 1574 haec
252 1503 391 1599 quidem
403 1501 505 1584 liunt,
520 1517 557 1574 ut
567 1519 748 1600 apparent,
760 1529 824 1576 nee
834 1518 949 1576 tamen
963 1503 1060 1575 iubis
1073 1507 1176 1579 etiam

59 1701 61 1704 ,
166 1623 325 1696 omnibus
341 1628 485 1696 omnino
504 1625 675 1710 similiter,
695 1628 729 1696 in
748 1625 827 1698 Sole
844 1649 927 1698 veno
947 1639 981 1697 et
999 1627 1094 1696 Luna
1117 1651 1176 1697 ne·

166 1771 340 1843 quaquam
356 1745 464 1818 fiunt:
480 1773 560 1818 nam
579 1771 692 1844 neque
710 1746 754 1818 ad
773 1747 1006 1819 antecedentia
1024 1773 1177 1844 unquam

165 1883 275 1950 mota,
291 1893 403 1965 neque
419 1872 555 1952 stantia,
574 1893 686 1966 neque
700 1867 948 1941 retrocedentia
961 1869 1034 1940 haec
1046 1867 1116 1942 duo
1131 1895 1178 1940 as

164 2004 216 2061 tra
231 2004 428 2072 cernuntur,
448 1994 612 2087 quoniam
630 1989 690 2062 Sol
705 1989 813 2062 lerme
827 1993 914 2062 intra
933 1989 1025 2064 idem
1042 2003 1178 2085 tempus

61 2087 67 2094 Ι
165 2114 344 2206 proprium
363 2113 528 2182 circulum
548 2115 699 2183 cernitur
712 2135 927 2207 percurrens,
946 2125 1048 2208 atque
1065 2114 1176 2208 epicy-

166 2232 238 2302 clus
258 2235 330 2328 ipse
353 2237 626 2314 concentricum,
650 2249 689 2304 ut
707 2237 781 2331 jam
805 2232 965 2314 diximus,
990 2234 1096 2303 Lunae
1119 2259 1176 2302 au-

165 2368 237 2424 tem
254 2355 422 2452 epinyclus
439 2357 582 2428 celerius
597 2354 787 2426 secundum
801 2359 1057 2427 concentricum
1073 2354 1179 2426 lentur

167 2489 201 2546 et
218 2501 236 2546 a
253 2474 391 2549 zodiaco
409 2477 537 2548 circtdo
556 2502 646 2573 pone
665 2479 876 2573 relinquitur,
897 2503 1001 2574 quam
1019 2481 1088 2573 ipsa
1108 2481 1177 2574 epi-

165 2598 302 2694 cyclum
318 2602 496 2694 percurait.

208 2799 218 2828 ⁷
241 2801 275 2861 ln
290 2801 390 2863 codice
404 2810 462 2862 τῶν
476 2807 632 2884 tylaeodac

208 2902 217 2931 ⁸
240 2904 273 2963 ln
288 2905 386 2966 codice
400 2905 509 2989 legitur
522 2910 625 2975 ταῦθα;
642 2905 695 2968 scd
713 2906 821 2991 syllaba
836 2931 872 2968 τα
887 2929 974 2992 supra
990 2907 1128 2991 syllabam
1144 2912 1179 2968 da

169 3003 272 3066 eadam
286 3029 378 3070 manu
393 3011 500 3093 scripta
513 3022 566 3070 est.

212 3106 222 3134 ⁹
243 3108 276 3168 ln
291 3111 391 3173 codice
406 3111 487 3173 deest
501 3115 595 3173 αὐτόν.

201 3206 222 3238 ¹⁰
244 3209 276 3269 In
292 3211 391 3274 codice
405 3217 500 3276 αὐτοῦ.
517 3214 575 3276 Sed
590 3215 659 3276 vide
671 3216 775 3277 Natam
791 3237 834 3277 aa.

203 3311 222 3341 ¹¹
245 3313 277 3373 ln
294 3315 392 3376 codice
407 3321 501 3378 αὑτοῦ,

203 3413 223 3445 ¹²
245 3415 319 3477 Vide
333 3439 357 3476 c.
372 3437 462 3480 xxvii.

201 3518 221 3548 ¹³
244 3520 277 3580 ln
293 3519 393 3582 codice
407 3522 489 3584 deest
502 3530 557 3585 nal,

202 3619 222 3651 ¹⁴
244 3622 279 3682 In
294 3622 394 3684 codiee
408 3623 515 3708 legitur
528 3632 603 3688 τὸν..
619 3677 624 3687 .
640 3677 645 3687 .
667 3627 784 3692 κύκλον.
801 3629 858 3692 Sed
879 3629 1039 3712 legendum
1053 3638 1151 3690 τοῦ...
1167 3677 1172 3687 .

168 3724 287 3786 κύκλου.
304 3724 378 3787 Vide
390 3727 494 3789 Natam
509 3751 552 3790 sn.

202 3829 222 3859 ¹⁵
243 3829 277 3890 ln
291 3829 391 3890 codice
407 3834 500 3892 atras.
517 3833 575 3895 Sed
589 3835 626 3898 dc
641 3837 724 3896 Luna
740 3838 843 3919 agitur.
860 3835 934 3897 Vide
949 3837 1052 3897 Natam
1069 3855 1113 3894 aa.
