2992 4822
476 413 533 476 DE
554 411 854 474 ASTRONOMIA.
1130 413 1170 478 te

159 537 327 632 lunaribus
346 539 514 607 mensibus
539 549 697 612 constare,
721 550 777 604 ant
802 537 910 626 potius
932 537 1040 626 iprum
1064 559 1172 606 revera

160 651 331 720 credidisse
348 676 367 720 a
381 652 513 719 solstitio
528 651 570 718 ad
582 650 671 718 idem
684 649 856 717 solstitium
867 671 933 716 nnn
946 671 1073 739 semper
1085 650 1173 718 idem

159 787 227 834 esse
243 776 371 854 tempus
389 791 397 832 ε
415 765 449 830 in
467 787 532 853 quo
549 785 656 830 errore
673 774 705 830 et
720 763 945 854 Hipparsbua¹
963 761 1040 837 fuit,
1058 763 1174 854 etipse

159 889 231 966 post
255 877 427 947 Adrastum
448 877 562 944 Theon
586 875 799 964 smyrnaeae.
824 875 889 944 Sed
918 898 959 942 aar
987 876 1049 942 ban
1073 876 1114 962 de
1139 900 1175 946 re

160 992 343 1079 cogitaverit
351 991 483 1064 Thales,
494 989 587 1056 valde
599 989 725 1062 dubito,
736 989 863 1054 tametsi
872 1000 1036 1056 auctorem
1044 989 1079 1056 id
1092 990 1174 1056 affir-

159 1128 249 1171 mare
258 1105 395 1172 voluisse
406 1103 511 1168 credo.
522 1102 612 1168 Prior
622 1101 839 1188 interpretatio
851 1101 1000 1168 historica
1012 1125 1173 1170 nomman-

160 1217 255 1284 datur
267 1214 505 1305 probabilitate,
522 1213 579 1280 sed
595 1235 670 1278 cum
687 1201 823 1280 auctoris
837 1223 923 1282 textu
938 1214 988 1280 vix
1001 1236 1175 1304 oongruere

161 1340 273 1416 potest.
371 1397 372 1401 ,

210 1440 306 1520 Quod
312 1439 435 1506 ibidem
442 1437 560 1506 dicitur
569 1436 807 1506 Anaximander
813 1444 947 1506 stotonae
961 1438 1086 1514 Terram
1095 1445 1176 1508 eima

163 1557 267 1620 muudi
281 1556 409 1618 medium
424 1575 595 1640 suspensam
612 1557 739 1628 moveri,
759 1553 794 1619 id
810 1575 877 1618 esse
893 1553 1027 1620 omnino
1042 1552 1175 1629 falsum,

162 1678 199 1732 ut
220 1665 344 1732 censuit
359 1664 529 1738 ldelerus³,
549 1687 614 1730 non
633 1665 786 1752 equidem
801 1665 955 1743 dixerima
972 1678 1005 1734 at
1025 1677 1110 1734 certe
1130 1679 1177 1734 eat

160 1780 294 1850 obscure
308 1789 340 1844 et
352 1799 417 1844 non
431 1789 578 1844 accurate
590 1778 724 1844 dietum.
738 1779 949 1867 Nequaquam
961 1780 1051 1846 enim
1061 1791 1176 1870 putan-

161 1891 241 1962 dum
259 1901 306 1956 est
322 1888 554 1956 Anaximandri
569 1889 667 1956 luisse
684 1913 750 1956 non
766 1891 982 1980 spernendam
998 1891 1089 1960 illam
1104 1916 1179 1983 pau·

161 2025 275 2072 corum
288 2003 373 2070 inter
386 2003 513 2070 Graeoos
525 2003 712 2092 opinionem
724 2004 764 2069 de
773 2006 881 2070 Terre
893 2005 928 2072 in
940 2005 1057 2072 mnndi
1070 2017 1178 2073 centro

101 2139 105 2144 ·
162 2116 349 2204 quotidiana
359 2115 574 2182 conversione.
583 2115 1038 2186 SederediditAnaximander
1052 2117 1178 2183 Terrena

163 2253 228 2294 esea
239 2232 320 2292 eirea
336 2229 441 2292 mundi
457 2229 601 2302 medium,
621 2228 655 2295 id
668 2240 714 2294 est
727 2229 762 2294 in
779 2229 887 2296 medio
901 2229 983 2303 sere,
997 2229 1084 2298 disco
1095 2229 1178 2298 latis-

163 2342 245 2408 simo
262 2351 293 2406 et
307 2340 397 2406 tenui
414 2339 569 2414 similem,
588 2351 619 2406 et
635 2340 765 2408 credere
780 2342 884 2430 potuit
896 2363 969 2408 eam
985 2342 1179 2411 circumfuso

163 2475 237 2520 aare
249 2453 423 2542 aliquando
436 2453 584 2525 nonnihil
596 2454 722 2542 agitari,
736 2465 767 2518 et
776 2454 861 2520 hane
870 2478 937 2522 eeae
952 2454 1053 2538 Terra
1067 2465 1177 2530 motus,

46 2614 48 2624 .
163 2567 196 2634 id
215 2577 261 2636 est
278 2578 369 2634 terrae
386 2566 533 2632 tremoris
549 2589 624 2634 raro
640 2566 828 2641 accidentis,
847 2575 1000 2635 nentem
1011 2568 1178 2636 revolutio·

163 2680 213 2748 nis
231 2680 442 2770 quotidiana,
459 2690 537 2746 tune
552 2680 719 2770 ignoratae,
737 2681 895 2748 eausaml.
992 2727 994 2732 -

202 2887 210 2917 ¹
230 2883 296 2940 vide
308 2884 439 2960 Ptolemoei
452 2885 536 2960 Comp.
548 2884 622 2940 moth.
638 2886 689 2948 Ill,
706 2903 734 2947 a,
748 2897 766 2940 t.
777 2886 802 2948 1.
817 2904 843 2960 p.
858 2885 907 2942 152
920 2895 946 2938 et
960 2903 1016 2960 sqq.
1030 2895 1056 2940 et
1066 2887 1179 2942 maxime

164 2997 190 3050 Ρ.
207 2980 257 3033 ι55
272 2989 299 3032 et
309 2997 365 3054 sqq.
380 2976 488 3034 Halmae.
914 2961 917 2968 .

202 3072 212 3103 ³
231 3071 260 3126 C.
275 3071 422 3135 xar11,sol.
439 3093 469 3144 17
482 3072 505 3125 b.

202 3167 213 3198 ³
233 3167 262 3218 ln
276 3178 338 3222 nota
350 3165 385 3221 ad
400 3167 647 3222 commentationem
663 3165 739 3222 [teter
749 3165 794 3222 dns
811 3165 962 3223 Verleltaa‘aa
975 3165 1017 3220 deo
1032 3167 1180 3242 Gopemiooe

164 3275 220 3312 tom
237 3257 383 3322 Altsrtlaum,
403 3259 431 3314 in
454 3259 522 3314 libro
544 3259 665 3315 Maneat
684 3258 728 3315 dar
748 3259 1073 3338 Ataumwtsmetajt,
1095 3275 1114 3318 t.
1138 3264 1176 3328 ll,

164 3350 337 3424 atemer-
607 3365 618 3382 ⁸

205 3443 215 3478 ⁴
235 3444 301 3498 Vide
313 3446 491 3510 Aristotelem,
506 3447 544 3500 De
557 3445 631 3509 eolo,
644 3447 682 3508 ll,
700 3448 747 3509 13,
762 3467 789 3522 p.
807 3443 923 3521 aql-295
941 3449 982 3504 ed.
1000 3449 1099 3515 Berol.;
1119 3450 1180 3506 Plu·

163 3538 249 3593 tarchi
266 3537 413 3592 Stmmatam
430 3539 608 3614 fragmentum
629 3541 701 3618 apud
723 3543 881 3606 Eusebium,
900 3543 981 3618 Prep.
998 3563 1083 3620 eamq.
1102 3545 1127 3609 Ι,
1146 3547 1175 3610 8;

164 3631 396 3707 pseudo-origenis
403 3632 637 3709 Plilosnpltumeno,
649 3633 678 3688 in
689 3634 761 3708 Oaig.
772 3636 824 3711 ΟΡ.
834 3648 853 3690 t.
866 3637 911 3702 IV,
921 3657 947 3712 p.
964 3636 1084 3696 ’35-136
1095 3638 1179 3696 Ober-

57 3745 59 3748 ·
164 3726 260 3788 aanor.
274 3735 324 3780 oe.
338 3724 379 3781 cr.
394 3726 570 3784 namnet.
584 3739 668 3801 qma.
682 3729 731 3794 vr,
746 3731 777 3794 e,
791 3740 817 3784 a
833 3730 930 3804 quein
946 3729 1058 3786 uene.
1070 3745 1178 3788 aas...
1261 3720 1264 3726 ’

164 3821 218 3875 mie
230 3819 336 3896 araeque
347 3820 432 3876 fusius
444 3839 474 3877 aa
486 3821 520 3876 de
533 3841 562 3876 re
574 3822 773 3896 disputabimus.

1010 3935 1027 3988 A
