2970 4822
335 467 395 530 tao
626 469 823 531 THEONIS
843 469 1050 532 SMVRNAEI

333 591 410 655 bant
424 592 510 656 enim
523 593 646 680 antiqui
663 615 715 658 eas
731 617 749 658 a
765 597 863 659 Terra
880 596 979 683 magis
995 595 1113 664 distare
1128 599 1249 670 stellas,
1267 623 1347 687 quae

333 702 498 768 zodiacum
510 706 623 792 majori
639 717 782 795 tempore
793 711 1042 796 percurrerent¹.
1056 711 1204 776 Restabat
1213 733 1286 799 ergo
1299 712 1346 778 de

332 814 430 886 Solis,
448 817 597 883 Mercurii
613 831 644 884 et
654 821 785 885 Veneris
796 821 909 887 ordine
921 821 1092 894 dubitatio,
1105 823 1260 910 quoniam
1271 825 1345 889 haec

331 927 391 992 tria
403 940 484 994 astra
496 930 608 996 eadem
625 933 730 998 media
746 933 904 1000 celeritate
917 933 1082 998 zodiacum
1095 955 1281 1022 percurrere
1292 935 1341 998 vi-

331 1039 455 1107 dentur.
475 1044 564 1108 Hanc
589 1043 821 1110 dubitationem
849 1046 961 1111 Theon
983 1045 1168 1133 Smyrnaeus
1192 1059 1224 1110 et
1243 1047 1342 1134 pauci

330 1154 453 1242 antiqui
475 1156 605 1230 tollunt,
630 1159 826 1223 Mercurium
847 1171 879 1223 et
902 1160 1057 1224 Venerem
1084 1159 1207 1224 circum
1230 1157 1341 1224 Solem

328 1267 448 1332 moveri
470 1268 690 1356 conjicientes,
708 1269 753 1335 ita
775 1281 812 1335 ut
830 1271 1023 1343 Mercurius,
1042 1271 1160 1336 minori
1182 1271 1298 1358 anguio
1319 1293 1341 1335 a

329 1377 402 1444 Sole
417 1381 603 1454 abscedens,
621 1381 688 1447 Soli
705 1382 802 1447 etiam
818 1383 939 1446 Venere
954 1383 1085 1472 propior
1101 1383 1171 1448 sit2.

795 1605 808 1659 S
826 1607 872 1660 23.

685 1773 718 1808 DE
738 1773 808 1810 SOLIS
829 1773 983 1809 contestans.

375 1943 558 2022 Quomodo,
575 1958 705 2033 propter
725 1946 826 2034 ipsius
847 1945 929 2011 Solis
951 1967 1006 2018 eo,
1024 1965 1123 2030 quem
1140 1945 1252 2009 Tbeon
1269 1945 1339 2032 opi-

329 2057 451 2132 natur³,
468 2057 619 2132 minimo,
632 2061 731 2126 Lunae
744 2071 851 2125 autem
865 2057 978 2144 majori
995 2069 1027 2122 et
1042 2077 1132 2129 vero,
1146 2068 1235 2122 motu
1252 2057 1285 2121 in
1300 2058 1340 2123 la-

328 2170 513 2244 titudinem,
527 2193 591 2237 non
602 2171 748 2237 omnium
757 2173 962 2259 synodicorum
972 2170 1135 2236 mensium
1145 2170 1237 2236 initio
1246 2172 1338 2236 Luna

327 2283 381 2349 Sol
394 2283 578 2357 occultetur,
593 2285 648 2351 sed
660 2296 737 2349 tunc
749 2285 867 2357 solum,
882 2307 983 2372 quum
999 2284 1033 2348 in
1044 2283 1157 2349 circuli
1170 2282 1340 2370 utriusque

325 2397 474 2469 sectaris,
493 2419 571 2483 quos
588 2409 700 2462 vocant
717 2399 820 2471 nodos,
843 2399 933 2462 Luna
950 2397 985 2461 in
1006 2397 1076 2484 ipso
1093 2395 1259 2462 novilunio
1275 2408 1335 2469 est,

325 2508 431 2574 incide
447 2507 560 2574 Theon
577 2509 788 2582 demonstrat,
806 2531 865 2573 nec
880 2531 955 2574 vero
971 2507 1006 2572 in
1023 2531 1076 2573 eas
1088 2519 1238 2574 motuum
1250 2531 1339 2573 accu-

325 2633 406 2686 ratas
425 2621 649 2710 descriptiones
666 2622 844 2694 descendit,
864 2624 982 2711 quibus
999 2621 1080 2687 Solis
1097 2621 1240 2687 defectus
1259 2646 1336 2709 prce

324 2719 464 2800 nuntiari
490 2746 617 2823 queant.
642 2733 677 2799 ld
699 2745 805 2800 tamen
833 2747 978 2800 accurate
1004 2734 1078 2799 satis
1100 2735 1170 2822 jam
1192 2734 1337 2800 effecerat

325 2847 535 2934 Hipparchus.
545 2846 667 2911 Evectio
680 2847 782 2920 enim,
795 2870 894 2936 quam
904 2848 1133 2936 ignoraverat&
1148 2858 1178 2911 et
1191 2851 1335 2920 curiatio,

325 2981 424 3045 quam
443 2959 511 3045 ipse
526 2959 713 3024 Ptolemaeus
731 2959 877 3031 nescivit,
897 2961 980 3024 nihii
996 2960 1030 3024 in
1048 2963 1168 3046 aizyqiis
1184 2959 1335 3031 turbant,

325 3083 355 3135 et
372 3073 471 3136 Lunae
486 3075 672 3158 peccentricc
691 3073 859 3156 paralitatis
879 3073 947 3137 sine
965 3072 1067 3136 nimio
1086 3093 1193 3137 errore
1204 3070 1276 3157 jam
1295 3071 1337 3135 ab

324 3184 508 3274 Hipparcho
529 3183 661 3248 definita
683 3183 815 3256 iuerat⁵,
838 3185 878 3250 de
895 3207 960 3271 qua
984 3185 1094 3250 Noster
1115 3183 1204 3269 ioqui
1227 3203 1336 3270 super-

324 3299 420 3364 sedet.
514 3296 515 3300 *
1268 3311 1270 3316 ’

364 3506 370 3535 ¹
393 3502 460 3556 Vide
473 3503 553 3573 hujus
566 3499 631 3554 Dias.
644 3511 710 3573 part.
727 3501 765 3559 11,
780 3520 801 3552 c.
817 3518 852 3561 tv,
866 3496 879 3551 S
893 3501 934 3550 10.
952 3559 955 3567 Ι

362 3600 371 3628 ²
392 3595 457 3649 Vide
470 3595 550 3667 hujus
564 3593 627 3647 Diss.
642 3603 708 3667 part.
724 3594 761 3652 11,
775 3611 797 3645 c.
812 3610 847 3654 rv,
861 3589 874 3645 S
887 3593 928 3645 to.

363 3695 372 3722 ³
393 3687 459 3742 Vide
471 3688 550 3760 hujus
563 3687 627 3740 Das.
642 3697 707 3760 part.
723 3685 761 3746 lt,
776 3704 797 3738 c.
811 3701 847 3745 rv,
861 3682 874 3737 S
887 3687 905 3739 8
919 3697 944 3738 ct
960 3685 1001 3738 ila.

367 3794 371 3815 ¹
392 3782 458 3837 Vide
471 3780 601 3836 Ptolemaei
616 3779 698 3847 Gomp.
711 3777 783 3832 11111111.
797 3779 827 3840 V,
841 3798 912 3832 2-10.

364 3881 371 3908 '⁴
392 3875 456 3930 Vide
471 3875 599 3928 Ptolemaei
615 3875 697 3946 Gomp.
712 3871 785 3925 moti.
799 3873 829 3933 V,
848 3892 893 3943 rp,
907 3885 926 3926 t.
942 3873 968 3936 Ι,
982 3895 1007 3947 p.
1022 3874 1074 3926 365
1092 3872 1201 3925 1111111111.
