<?xml version="1.0" encoding="UTF-8"?>
<!DOCTYPE html PUBLIC "-//W3C//DTD XHTML 1.0 Transitional//EN"
    "http://www.w3.org/TR/xhtml1/DTD/xhtml1-transitional.dtd">
<html xmlns="http://www.w3.org/1999/xhtml" xml:lang="en" lang="en">
 <head>
  <title>
</title>
<meta http-equiv="Content-Type" content="text/html;charset=utf-8" />
  <meta name='ocr-system' content='tesseract 3.04.00' />
  <meta name='ocr-capabilities' content='ocr_page ocr_carea ocr_par ocr_line ocrx_word'/>
</head>
<body>
  <div class='ocr_page' id='page_1' title='image "./theonissmyrnaei00calcgoog_0329.png"; bbox 0 0 2964 4824; ppageno 0'>
   <div class='ocr_carea' id='block_1_1' title="bbox 359 417 1176 516">
    <p class='ocr_par' dir='ltr' id='par_1_1' title="bbox 359 417 1176 516">
     <span class='ocr_line' id='line_1_1' title="bbox 359 417 1176 516; baseline 0.009 -7"><span class='ocrx_word' id='word_1_1' title='bbox 359 417 362 430; x_wconf 75' lang='grc'><em>’</em></span> <span class='ocrx_word' id='word_1_2' title='bbox 481 449 537 511; x_wconf 82' lang='lat' dir='ltr'><strong>nu</strong></span> <span class='ocrx_word' id='word_1_3' title='bbox 561 447 860 512; x_wconf 77' lang='lat' dir='ltr'><strong>nsrnououn.</strong></span> <span class='ocrx_word' id='word_1_4' title='bbox 1115 455 1176 516; x_wconf 79' lang='lat' dir='ltr'><strong>nn</strong></span> 
     </span>
    </p>
   </div>
   <div class='ocr_carea' id='block_1_2' title="bbox 79 573 1178 3447">
    <p class='ocr_par' dir='ltr' id='par_1_2' title="bbox 79 573 1178 3447">
     <span class='ocr_line' id='line_1_2' title="bbox 165 573 1177 672; baseline 0.004 -27"><span class='ocrx_word' id='word_1_5' title='bbox 165 575 277 653; x_wconf 84' lang='lat' dir='ltr'><strong>Luna,</strong></span> <span class='ocrx_word' id='word_1_6' title='bbox 296 578 376 670; x_wconf 85' lang='lat' dir='ltr'><strong>quia</strong></span> <span class='ocrx_word' id='word_1_7' title='bbox 394 597 513 648; x_wconf 89' lang='lat' dir='ltr'><strong>eorum</strong></span> <span class='ocrx_word' id='word_1_8' title='bbox 530 575 648 646; x_wconf 70' lang='lat' dir='ltr'><strong>ructui</strong></span> <span class='ocrx_word' id='word_1_9' title='bbox 664 575 809 646; x_wconf 82' lang='lat' dir='ltr'><strong>invicem</strong></span> <span class='ocrx_word' id='word_1_10' title='bbox 829 573 959 672; x_wconf 85' lang='lat' dir='ltr'><strong>obliqui</strong></span> <span class='ocrx_word' id='word_1_11' title='bbox 980 591 1068 648; x_wconf 86' lang='lat' dir='ltr'><strong>sunt.</strong></span> <span class='ocrx_word' id='word_1_12' title='bbox 1089 577 1177 649; x_wconf 85' lang='lat' dir='ltr'><strong>Solis</strong></span> 
     </span>
     <span class='ocr_line' id='line_1_3' title="bbox 166 680 1176 795; baseline 0.004 -29"><span class='ocrx_word' id='word_1_13' title='bbox 166 699 259 766; x_wconf 88' lang='lat' dir='ltr'><strong>enim</strong></span> <span class='ocrx_word' id='word_1_14' title='bbox 279 697 437 774; x_wconf 75' lang='lat' dir='ltr'><strong>circuitus,</strong></span> <span class='ocrx_word' id='word_1_15' title='bbox 455 680 493 766; x_wconf 84' lang='lat' dir='ltr'><strong>ut</strong></span> <span class='ocrx_word' id='word_1_16' title='bbox 503 696 669 778; x_wconf 82' lang='lat' dir='ltr'><strong>diximus,</strong></span> <span class='ocrx_word' id='word_1_17' title='bbox 689 697 752 768; x_wconf 92' lang='lat' dir='ltr'><strong>sub</strong></span> <span class='ocrx_word' id='word_1_18' title='bbox 775 699 849 792; x_wconf 88' lang='lat' dir='ltr'><strong>ipso</strong></span> <span class='ocrx_word' id='word_1_19' title='bbox 872 696 979 768; x_wconf 84' lang='lat' dir='ltr'><strong>ferme</strong></span> <span class='ocrx_word' id='word_1_20' title='bbox 1000 723 1063 792; x_wconf 81' lang='lat' dir='ltr'><strong>per</strong></span> <span class='ocrx_word' id='word_1_21' title='bbox 1083 703 1176 795; x_wconf 76' lang='lat' dir='ltr'><strong>signu</strong></span> 
     </span>
     <span class='ocr_line' id='line_1_4' title="bbox 165 816 1176 898; baseline 0.004 -9"><span class='ocrx_word' id='word_1_22' title='bbox 165 817 280 890; x_wconf 85' lang='lat' dir='ltr'><strong>medio</strong></span> <span class='ocrx_word' id='word_1_23' title='bbox 296 819 425 888; x_wconf 87' lang='lat' dir='ltr'><strong>circulo</strong></span> <span class='ocrx_word' id='word_1_24' title='bbox 440 816 520 888; x_wconf 87' lang='lat' dir='ltr'><strong>serri</strong></span> <span class='ocrx_word' id='word_1_25' title='bbox 534 822 695 898; x_wconf 86' lang='lat' dir='ltr'><strong>cernitur,</strong></span> <span class='ocrx_word' id='word_1_26' title='bbox 713 823 759 890; x_wconf 85' lang='lat' dir='ltr'><strong>ita</strong></span> <span class='ocrx_word' id='word_1_27' title='bbox 772 832 887 890; x_wconf 61' lang='lat' dir='ltr'><strong>nmen</strong></span> <span class='ocrx_word' id='word_1_28' title='bbox 905 833 945 890; x_wconf 81' lang='lat' dir='ltr'><strong>ut</strong></span> <span class='ocrx_word' id='word_1_29' title='bbox 957 821 1103 892; x_wconf 77' lang='lat' dir='ltr'><strong>eirardus</strong></span> <span class='ocrx_word' id='word_1_30' title='bbox 1117 821 1176 894; x_wconf 73' lang='lat' dir='ltr'><strong>Su</strong></span> 
     </span>
     <span class='ocr_line' id='line_1_5' title="bbox 163 921 1176 1036; baseline 0.006 -28"><span class='ocrx_word' id='word_1_31' title='bbox 163 939 215 1019; x_wconf 88' lang='lat' dir='ltr'><strong>lis,</strong></span> <span class='ocrx_word' id='word_1_32' title='bbox 226 941 369 1034; x_wconf 87' lang='lat' dir='ltr'><strong>paulum</strong></span> <span class='ocrx_word' id='word_1_33' title='bbox 378 940 567 1019; x_wconf 84' lang='lat' dir='ltr'><strong>inclinatus,</strong></span> <span class='ocrx_word' id='word_1_34' title='bbox 581 937 625 1010; x_wconf 86' lang='lat' dir='ltr'><strong>ab</strong></span> <span class='ocrx_word' id='word_1_35' title='bbox 633 921 693 1010; x_wconf 89' lang='lat' dir='ltr'><strong>illo</strong></span> <span class='ocrx_word' id='word_1_36' title='bbox 704 939 854 1011; x_wconf 84' lang='lat' dir='ltr'><strong>discedat</strong></span> <span class='ocrx_word' id='word_1_37' title='bbox 862 941 1023 1036; x_wconf 85' lang='lat' dir='ltr'><strong>utrinque</strong></span> <span class='ocrx_word' id='word_1_38' title='bbox 1034 939 1176 1016; x_wconf 88' lang='lat' dir='ltr'><strong>dimidio</strong></span> 
     </span>
     <span class='ocr_line' id='line_1_6' title="bbox 164 1059 1177 1158; baseline 0.004 -28"><span class='ocrx_word' id='word_1_39' title='bbox 164 1059 235 1132; x_wconf 84' lang='lat' dir='ltr'><strong>lere</strong></span> <span class='ocrx_word' id='word_1_40' title='bbox 252 1060 370 1156; x_wconf 82' lang='lat' dir='ltr'><strong>gradu.</strong></span> <span class='ocrx_word' id='word_1_41' title='bbox 390 1061 496 1131; x_wconf 84' lang='lat' dir='ltr'><strong>Lunae</strong></span> <span class='ocrx_word' id='word_1_42' title='bbox 510 1075 625 1132; x_wconf 86' lang='lat' dir='ltr'><strong>autem</strong></span> <span class='ocrx_word' id='word_1_43' title='bbox 642 1061 804 1140; x_wconf 78' lang='lat' dir='ltr'><strong>eirctssus,</strong></span> <span class='ocrx_word' id='word_1_44' title='bbox 822 1073 862 1130; x_wconf 92' lang='lat' dir='ltr'><strong>ut</strong></span> <span class='ocrx_word' id='word_1_45' title='bbox 879 1059 1021 1157; x_wconf 86' lang='lat' dir='ltr'><strong>quidem</strong></span> <span class='ocrx_word' id='word_1_46' title='bbox 1037 1059 1177 1158; x_wconf 76' lang='lat' dir='ltr'><strong>Hippar</strong></span> 
     </span>
     <span class='ocr_line' id='line_1_7' title="bbox 166 1181 1178 1281; baseline 0.004 -31"><span class='ocrx_word' id='word_1_47' title='bbox 166 1182 248 1252; x_wconf 86' lang='lat' dir='ltr'><strong>chus</strong></span> <span class='ocrx_word' id='word_1_48' title='bbox 268 1185 410 1262; x_wconf 86' lang='lat' dir='ltr'><strong>invenit,</strong></span> <span class='ocrx_word' id='word_1_49' title='bbox 431 1185 467 1251; x_wconf 89' lang='lat' dir='ltr'><strong>in</strong></span> <span class='ocrx_word' id='word_1_50' title='bbox 489 1181 666 1252; x_wconf 83' lang='lat' dir='ltr'><strong>latitudine</strong></span> <span class='ocrx_word' id='word_1_51' title='bbox 688 1181 809 1252; x_wconf 90' lang='lat' dir='ltr'><strong>decem</strong></span> <span class='ocrx_word' id='word_1_52' title='bbox 832 1181 999 1276; x_wconf 85' lang='lat' dir='ltr'><strong>graduum</strong></span> <span class='ocrx_word' id='word_1_53' title='bbox 1019 1183 1178 1281; x_wconf 86' lang='lat' dir='ltr'><strong>obliquus</strong></span> 
     </span>
     <span class='ocr_line' id='line_1_8' title="bbox 166 1301 1177 1400; baseline 0.001 -27"><span class='ocrx_word' id='word_1_54' title='bbox 166 1317 230 1383; x_wconf 85' lang='lat' dir='ltr'><strong>est,</strong></span> <span class='ocrx_word' id='word_1_55' title='bbox 249 1302 325 1383; x_wconf 88' lang='lat' dir='ltr'><strong>sed,</strong></span> <span class='ocrx_word' id='word_1_56' title='bbox 347 1317 389 1373; x_wconf 60' lang='lat' dir='ltr'><strong>‘ut</strong></span> <span class='ocrx_word' id='word_1_57' title='bbox 409 1303 565 1400; x_wconf 78' lang='lat' dir='ltr'>plerique</span> <span class='ocrx_word' id='word_1_58' title='bbox 587 1301 906 1374; x_wconf 86' lang='lat' dir='ltr'><strong>mathematicorum</strong></span> <span class='ocrx_word' id='word_1_59' title='bbox 929 1318 1082 1384; x_wconf 85' lang='lat' dir='ltr'><strong>censent,</strong></span> <span class='ocrx_word' id='word_1_60' title='bbox 1105 1328 1177 1400; x_wconf 79' lang='lat' dir='ltr'><strong>gra-</strong></span> 
     </span>
     <span class='ocr_line' id='line_1_9' title="bbox 164 1420 1176 1520; baseline 0.001 -26"><span class='ocrx_word' id='word_1_61' title='bbox 164 1423 273 1495; x_wconf 90' lang='lat' dir='ltr'><strong>duum</strong></span> <span class='ocrx_word' id='word_1_62' title='bbox 290 1420 490 1504; x_wconf 81' lang='lat' dir='ltr'><strong>duodecim,</strong></span> <span class='ocrx_word' id='word_1_63' title='bbox 510 1425 556 1494; x_wconf 87' lang='lat' dir='ltr'><strong>ita</strong></span> <span class='ocrx_word' id='word_1_64' title='bbox 572 1439 611 1494; x_wconf 92' lang='lat' dir='ltr'><strong>ut</strong></span> <span class='ocrx_word' id='word_1_65' title='bbox 627 1427 779 1520; x_wconf 87' lang='lat' dir='ltr'><strong>quinque</strong></span> <span class='ocrx_word' id='word_1_66' title='bbox 797 1437 854 1495; x_wconf 90' lang='lat' dir='ltr'><strong>aut</strong></span> <span class='ocrx_word' id='word_1_67' title='bbox 872 1426 974 1494; x_wconf 86' lang='lat' dir='ltr'><strong>etium</strong></span> <span class='ocrx_word' id='word_1_68' title='bbox 992 1450 1047 1494; x_wconf 80' lang='lat' dir='ltr'><strong>sex</strong></span> <span class='ocrx_word' id='word_1_69' title='bbox 1069 1425 1176 1520; x_wconf 84' lang='lat' dir='ltr'><strong>gradi-</strong></span> 
     </span>
     <span class='ocr_line' id='line_1_10' title="bbox 163 1545 1176 1642; baseline 0.002 -28"><span class='ocrx_word' id='word_1_70' title='bbox 163 1545 228 1616; x_wconf 89' lang='lat' dir='ltr'><strong>bus</strong></span> <span class='ocrx_word' id='word_1_71' title='bbox 245 1547 405 1642; x_wconf 85' lang='lat' dir='ltr'><strong>utrinque</strong></span> <span class='ocrx_word' id='word_1_72' title='bbox 423 1572 442 1616; x_wconf 90' lang='lat' dir='ltr'><strong>a</strong></span> <span class='ocrx_word' id='word_1_73' title='bbox 458 1545 573 1616; x_wconf 90' lang='lat' dir='ltr'><strong>medio</strong></span> <span class='ocrx_word' id='word_1_74' title='bbox 589 1569 652 1640; x_wconf 89' lang='lat' dir='ltr'><strong>per</strong></span> <span class='ocrx_word' id='word_1_75' title='bbox 668 1549 761 1640; x_wconf 79' lang='lat' dir='ltr'><strong>signa</strong></span> <span class='ocrx_word' id='word_1_76' title='bbox 777 1546 907 1618; x_wconf 70' lang='lat' dir='ltr'><strong>cuculo</strong></span> <span class='ocrx_word' id='word_1_77' title='bbox 925 1548 993 1618; x_wconf 86' lang='lat' dir='ltr'><strong>sive</strong></span> <span class='ocrx_word' id='word_1_78' title='bbox 1018 1545 1060 1618; x_wconf 88' lang='lat' dir='ltr'><strong>ad</strong></span> <span class='ocrx_word' id='word_1_79' title='bbox 1084 1549 1176 1642; x_wconf 88' lang='lat' dir='ltr'><strong>aqui-</strong></span> 
     </span>
     <span class='ocr_line' id='line_1_11' title="bbox 162 1665 1176 1764; baseline 0.004 -28"><span class='ocrx_word' id='word_1_80' title='bbox 162 1668 280 1738; x_wconf 85' lang='lat' dir='ltr'><strong>lonem</strong></span> <span class='ocrx_word' id='word_1_81' title='bbox 305 1669 372 1738; x_wconf 86' lang='lat' dir='ltr'><strong>sive</strong></span> <span class='ocrx_word' id='word_1_82' title='bbox 396 1667 438 1737; x_wconf 85' lang='lat' dir='ltr'><strong>nd</strong></span> <span class='ocrx_word' id='word_1_83' title='bbox 463 1681 621 1738; x_wconf 80' lang='lat' dir='ltr'><strong>austrum</strong></span> <span class='ocrx_word' id='word_1_84' title='bbox 641 1665 817 1738; x_wconf 71' lang='lat' dir='ltr'><strong>diwedens</strong></span> <span class='ocrx_word' id='word_1_85' title='bbox 837 1681 1010 1764; x_wconf 74' lang='lat' dir='ltr'><strong>appareat.</strong></span> <span class='ocrx_word' id='word_1_86' title='bbox 1036 1668 1071 1740; x_wconf 88' lang='lat' dir='ltr'><strong>Si</strong></span> <span class='ocrx_word' id='word_1_87' title='bbox 1096 1691 1176 1762; x_wconf 81' lang='lat' dir='ltr'><strong>ergo</strong></span> 
     </span>
     <span class='ocr_line' id='line_1_12' title="bbox 163 1788 1173 1884; baseline 0.002 -26"><span class='ocrx_word' id='word_1_88' title='bbox 163 1788 380 1884; x_wconf 76' lang='lat' dir='ltr'><strong>intelligimus</strong></span> <span class='ocrx_word' id='word_1_89' title='bbox 397 1789 580 1860; x_wconf 83' lang='lat' dir='ltr'><strong>amborum</strong></span> <span class='ocrx_word' id='word_1_90' title='bbox 597 1789 822 1868; x_wconf 70' lang='lat' dir='ltr'><strong>circadarum,</strong></span> <span class='ocrx_word' id='word_1_91' title='bbox 843 1789 960 1860; x_wconf 86' lang='lat' dir='ltr'><strong>solaris</strong></span> <span class='ocrx_word' id='word_1_92' title='bbox 978 1801 1012 1858; x_wconf 89' lang='lat' dir='ltr'><strong>et</strong></span> <span class='ocrx_word' id='word_1_93' title='bbox 1026 1789 1173 1870; x_wconf 79' lang='lat' dir='ltr'><strong>lunaris,</strong></span> 
     </span>
     <span class='ocr_line' id='line_1_13' title="bbox 163 1909 1176 2005; baseline 0.004 -27"><span class='ocrx_word' id='word_1_94' title='bbox 163 1911 316 2004; x_wconf 83' lang='lat' dir='ltr'><strong>planitias</strong></span> <span class='ocrx_word' id='word_1_95' title='bbox 337 1913 372 1980; x_wconf 93' lang='lat' dir='ltr'><strong>in</strong></span> <span class='ocrx_word' id='word_1_96' title='bbox 394 1914 604 1982; x_wconf 87' lang='lat' dir='ltr'><strong>immensum</strong></span> <span class='ocrx_word' id='word_1_97' title='bbox 624 1924 797 2005; x_wconf 78' lang='lat' dir='ltr'><strong>porrectas</strong></span> <span class='ocrx_word' id='word_1_98' title='bbox 818 1935 907 1992; x_wconf 87' lang='lat' dir='ltr'><strong>esse,</strong></span> <span class='ocrx_word' id='word_1_99' title='bbox 926 1909 1062 1982; x_wconf 84' lang='lat' dir='ltr'><strong>illarum</strong></span> <span class='ocrx_word' id='word_1_100' title='bbox 1084 1935 1176 1982; x_wconf 81' lang='lat' dir='ltr'><strong>eom·</strong></span> 
     </span>
     <span class='ocr_line' id='line_1_14' title="bbox 163 2031 1177 2127; baseline 0.002 -25"><span class='ocrx_word' id='word_1_101' title='bbox 163 2033 276 2102; x_wconf 87' lang='lat' dir='ltr'><strong>munis</strong></span> <span class='ocrx_word' id='word_1_102' title='bbox 293 2046 424 2104; x_wconf 80' lang='lat' dir='ltr'><strong>sectura</strong></span> <span class='ocrx_word' id='word_1_103' title='bbox 440 2035 504 2104; x_wconf 87' lang='lat' dir='ltr'><strong>erit</strong></span> <span class='ocrx_word' id='word_1_104' title='bbox 520 2045 612 2104; x_wconf 81' lang='lat' dir='ltr'><strong>reeta</strong></span> <span class='ocrx_word' id='word_1_105' title='bbox 630 2033 736 2113; x_wconf 75' lang='lat' dir='ltr'><strong>linea,</strong></span> <span class='ocrx_word' id='word_1_106' title='bbox 753 2033 789 2102; x_wconf 89' lang='lat' dir='ltr'><strong>in</strong></span> <span class='ocrx_word' id='word_1_107' title='bbox 807 2057 875 2127; x_wconf 89' lang='lat' dir='ltr'><strong>qua</strong></span> <span class='ocrx_word' id='word_1_108' title='bbox 891 2046 970 2104; x_wconf 88' lang='lat' dir='ltr'><strong>sunt</strong></span> <span class='ocrx_word' id='word_1_109' title='bbox 989 2031 1177 2104; x_wconf 83' lang='lat' dir='ltr'><strong>amborum</strong></span> 
     </span>
     <span class='ocr_line' id='line_1_15' title="bbox 163 2151 1175 2250; baseline 0 -28"><span class='ocrx_word' id='word_1_110' title='bbox 163 2167 279 2224; x_wconf 85' lang='lat' dir='ltr'><strong>centra</strong></span> <span class='ocrx_word' id='word_1_111' title='bbox 299 2185 306 2223; x_wconf 74' lang='grc' dir='ltr'>ε</span> <span class='ocrx_word' id='word_1_112' title='bbox 327 2179 403 2250; x_wconf 82' lang='lat' dir='ltr'><strong>quae</strong></span> <span class='ocrx_word' id='word_1_113' title='bbox 425 2152 566 2248; x_wconf 88' lang='lat' dir='ltr'><strong>quidem</strong></span> <span class='ocrx_word' id='word_1_114' title='bbox 588 2154 678 2224; x_wconf 86' lang='lat' dir='ltr'><strong>linea</strong></span> <span class='ocrx_word' id='word_1_115' title='bbox 700 2151 958 2248; x_wconf 87' lang='lat' dir='ltr'><strong>quodammodo</strong></span> <span class='ocrx_word' id='word_1_116' title='bbox 981 2156 1175 2224; x_wconf 78' lang='lat' dir='ltr'><strong>eommunis</strong></span> 
     </span>
     <span class='ocr_line' id='line_1_16' title="bbox 163 2268 1174 2368; baseline -0.001 -23"><span class='ocrx_word' id='word_1_117' title='bbox 163 2268 227 2346; x_wconf 86' lang='lat' dir='ltr'><strong>erit</strong></span> <span class='ocrx_word' id='word_1_118' title='bbox 251 2289 382 2347; x_wconf 61' lang='lat' dir='ltr'><strong>eorum*</strong></span> <span class='ocrx_word' id='word_1_119' title='bbox 399 2274 601 2355; x_wconf 81' lang='lat' dir='ltr'><strong>diametros,</strong></span> <span class='ocrx_word' id='word_1_120' title='bbox 630 2289 663 2344; x_wconf 89' lang='lat' dir='ltr'><strong>et</strong></span> <span class='ocrx_word' id='word_1_121' title='bbox 687 2275 777 2344; x_wconf 88' lang='lat' dir='ltr'><strong>illius</strong></span> <span class='ocrx_word' id='word_1_122' title='bbox 801 2287 1115 2368; x_wconf 82' lang='lat' dir='ltr'><strong>extremapuncta,</strong></span> <span class='ocrx_word' id='word_1_123' title='bbox 1139 2275 1174 2344; x_wconf 93' lang='lat' dir='ltr'><strong>in</strong></span> 
     </span>
     <span class='ocr_line' id='line_1_17' title="bbox 162 2394 1174 2494; baseline -0.002 -28"><span class='ocrx_word' id='word_1_124' title='bbox 162 2394 286 2494; x_wconf 77' lang='lat' dir='ltr'><strong>quibru</strong></span> <span class='ocrx_word' id='word_1_125' title='bbox 303 2421 374 2467; x_wconf 85' lang='lat' dir='ltr'><strong>sese</strong></span> <span class='ocrx_word' id='word_1_126' title='bbox 391 2399 538 2468; x_wconf 78' lang='lat' dir='ltr'><strong>invicem</strong></span> <span class='ocrx_word' id='word_1_127' title='bbox 561 2419 674 2466; x_wconf 84' lang='lat' dir='ltr'><strong>secare</strong></span> <span class='ocrx_word' id='word_1_128' title='bbox 696 2394 857 2468; x_wconf 83' lang='lat' dir='ltr'><strong>videntur</strong></span> <span class='ocrx_word' id='word_1_129' title='bbox 875 2395 1083 2468; x_wconf 85' lang='lat' dir='ltr'><strong>circulorum</strong></span> <span class='ocrx_word' id='word_1_130' title='bbox 1103 2419 1174 2464; x_wconf 87' lang='lat' dir='ltr'><strong>am·</strong></span> 
     </span>
     <span class='ocr_line' id='line_1_18' title="bbox 161 2513 1173 2607; baseline -0.001 -20"><span class='ocrx_word' id='word_1_131' title='bbox 161 2516 266 2599; x_wconf 87' lang='lat' dir='ltr'><strong>bitus,</strong></span> <span class='ocrx_word' id='word_1_132' title='bbox 285 2515 455 2607; x_wconf 68' lang='grc' dir='ltr'><strong><em>σῦνὲεσμοι</em></strong></span> <span class='ocrx_word' id='word_1_133' title='bbox 476 2531 651 2597; x_wconf 81' lang='lat' dir='ltr'><strong>vocantur,</strong></span> <span class='ocrx_word' id='word_1_134' title='bbox 670 2516 727 2587; x_wconf 83' lang='lat' dir='ltr'><strong>hle</strong></span> <span class='ocrx_word' id='word_1_135' title='bbox 745 2515 999 2596; x_wconf 58' lang='lat' dir='ltr'><strong>ascendenset</strong></span> <span class='ocrx_word' id='word_1_136' title='bbox 1020 2515 1077 2586; x_wconf 90' lang='lat' dir='ltr'><strong>ille</strong></span> <span class='ocrx_word' id='word_1_137' title='bbox 1099 2513 1173 2586; x_wconf 85' lang='lat' dir='ltr'><strong>des·</strong></span> 
     </span>
     <span class='ocr_line' id='line_1_19' title="bbox 161 2637 1171 2735; baseline -0.001 -26"><span class='ocrx_word' id='word_1_138' title='bbox 161 2639 418 2734; x_wconf 66' lang='lat' dir='ltr'><strong>cendens,‘quae</strong></span> <span class='ocrx_word' id='word_1_139' title='bbox 433 2653 468 2710; x_wconf 90' lang='lat' dir='ltr'><strong>et</strong></span> <span class='ocrx_word' id='word_1_140' title='bbox 479 2643 550 2735; x_wconf 81' lang='lat' dir='ltr'><strong>ipsu</strong></span> <span class='ocrx_word' id='word_1_141' title='bbox 564 2638 815 2710; x_wconf 83' lang='lat' dir='ltr'><strong>transferuntur</strong></span> <span class='ocrx_word' id='word_1_142' title='bbox 827 2637 869 2708; x_wconf 86' lang='lat' dir='ltr'><strong>ad</strong></span> <span class='ocrx_word' id='word_1_143' title='bbox 882 2641 1057 2734; x_wconf 83' lang='lat' dir='ltr'><strong>sequentia</strong></span> <span class='ocrx_word' id='word_1_144' title='bbox 1068 2640 1171 2732; x_wconf 79' lang='lat' dir='ltr'><strong>signa.</strong></span> 
     </span>
     <span class='ocr_line' id='line_1_20' title="bbox 160 2756 1173 2856; baseline 0 -26"><span class='ocrx_word' id='word_1_145' title='bbox 160 2759 196 2830; x_wconf 79' lang='lat' dir='ltr'><strong>st</strong></span> <span class='ocrx_word' id='word_1_146' title='bbox 216 2782 297 2856; x_wconf 83' lang='lat' dir='ltr'><strong>ergo</strong></span> <span class='ocrx_word' id='word_1_147' title='bbox 314 2764 350 2831; x_wconf 89' lang='lat' dir='ltr'><strong>in</strong></span> <span class='ocrx_word' id='word_1_148' title='bbox 367 2759 532 2851; x_wconf 64' lang='grc' dir='ltr'><strong>συνδέσμῳ</strong></span> <span class='ocrx_word' id='word_1_149' title='bbox 553 2765 662 2833; x_wconf 86' lang='lat' dir='ltr'><strong>coitus</strong></span> <span class='ocrx_word' id='word_1_150' title='bbox 685 2761 773 2832; x_wconf 90' lang='lat' dir='ltr'><strong>Solis</strong></span> <span class='ocrx_word' id='word_1_151' title='bbox 796 2783 877 2830; x_wconf 86' lang='lat' dir='ltr'><strong>cum</strong></span> <span class='ocrx_word' id='word_1_152' title='bbox 898 2758 994 2828; x_wconf 86' lang='lat' dir='ltr'><strong>Luna</strong></span> <span class='ocrx_word' id='word_1_153' title='bbox 1017 2756 1089 2838; x_wconf 81' lang='lat' dir='ltr'><strong>liat,</strong></span> <span class='ocrx_word' id='word_1_154' title='bbox 1110 2756 1173 2830; x_wconf 86' lang='lat' dir='ltr'><strong>eibi</strong></span> 
     </span>
     <span class='ocr_line' id='line_1_21' title="bbox 160 2879 1169 2978; baseline 0.002 -28"><span class='ocrx_word' id='word_1_155' title='bbox 160 2885 306 2954; x_wconf 80' lang='lat' dir='ltr'><strong>inuicem</strong></span> <span class='ocrx_word' id='word_1_156' title='bbox 318 2886 482 2978; x_wconf 79' lang='lat' dir='ltr'><strong>proximis</strong></span> <span class='ocrx_word' id='word_1_157' title='bbox 497 2881 738 2978; x_wconf 82' lang='lat' dir='ltr'><strong>apparentibus</strong></span> <span class='ocrx_word' id='word_1_158' title='bbox 747 2881 934 2952; x_wconf 70' lang='lat' dir='ltr'><strong>,amborum</strong></span> <span class='ocrx_word' id='word_1_159' title='bbox 952 2879 1169 2974; x_wconf 82' lang='lat' dir='ltr'><strong>eorporihus,</strong></span> 
     </span>
     <span class='ocr_line' id='line_1_22' title="bbox 159 2999 1174 3100; baseline 0.003 -27"><span class='ocrx_word' id='word_1_160' title='bbox 159 2999 276 3075; x_wconf 85' lang='lat' dir='ltr'><strong>Solem</strong></span> <span class='ocrx_word' id='word_1_161' title='bbox 293 3003 479 3082; x_wconf 83' lang='lat' dir='ltr'><strong>occultabit</strong></span> <span class='ocrx_word' id='word_1_162' title='bbox 494 3031 512 3074; x_wconf 91' lang='lat' dir='ltr'><strong>a</strong></span> <span class='ocrx_word' id='word_1_163' title='bbox 530 3018 717 3100; x_wconf 88' lang='lat' dir='ltr'><strong>conspectu</strong></span> <span class='ocrx_word' id='word_1_164' title='bbox 735 3017 851 3074; x_wconf 83' lang='lat' dir='ltr'><strong>nostro</strong></span> <span class='ocrx_word' id='word_1_165' title='bbox 870 3002 983 3080; x_wconf 79' lang='lat' dir='ltr'><strong>Luna,</strong></span> <span class='ocrx_word' id='word_1_166' title='bbox 1003 3003 1049 3072; x_wconf 86' lang='lat' dir='ltr'><strong>ita</strong></span> <span class='ocrx_word' id='word_1_167' title='bbox 1070 3015 1115 3072; x_wconf 81' lang='lat' dir='ltr'><strong>ut¹</strong></span> <span class='ocrx_word' id='word_1_168' title='bbox 1128 3006 1174 3076; x_wconf 79' lang='lat' dir='ltr'><strong>vi-</strong></span> 
     </span>
     <span class='ocr_line' id='line_1_23' title="bbox 160 3121 1175 3220; baseline 0 -26"><span class='ocrx_word' id='word_1_169' title='bbox 160 3123 280 3196; x_wconf 83' lang='lat' dir='ltr'><strong>deatur</strong></span> <span class='ocrx_word' id='word_1_170' title='bbox 297 3125 396 3198; x_wconf 91' lang='lat' dir='ltr'><strong>nobis</strong></span> <span class='ocrx_word' id='word_1_171' title='bbox 414 3126 472 3199; x_wconf 88' lang='lat' dir='ltr'><strong>Sol</strong></span> <span class='ocrx_word' id='word_1_172' title='bbox 491 3124 652 3204; x_wconf 87' lang='lat' dir='ltr'><strong>deficere,</strong></span> <span class='ocrx_word' id='word_1_173' title='bbox 678 3127 769 3196; x_wconf 86' lang='lat' dir='ltr'><strong>acin</strong></span> <span class='ocrx_word' id='word_1_174' title='bbox 787 3137 916 3197; x_wconf 71' lang='lat' dir='ltr'><strong>tantun</strong></span> <span class='ocrx_word' id='word_1_175' title='bbox 937 3121 1079 3219; x_wconf 87' lang='lat' dir='ltr'><strong>quidem</strong></span> <span class='ocrx_word' id='word_1_176' title='bbox 1102 3147 1175 3220; x_wconf 83' lang='lat' dir='ltr'><strong>par.</strong></span> 
     </span>
     <span class='ocr_line' id='line_1_24' title="bbox 202 3271 478 3334; baseline 0 -2"><span class='ocrx_word' id='word_1_177' title='bbox 202 3271 211 3300; x_wconf 82' lang='lat'>⁸</span> <span class='ocrx_word' id='word_1_178' title='bbox 235 3273 268 3332; x_wconf 90' lang='lat' dir='ltr'><strong>ln</strong></span> <span class='ocrx_word' id='word_1_179' title='bbox 283 3273 383 3334; x_wconf 82' lang='lat' dir='ltr'><strong>oodice</strong></span> <span class='ocrx_word' id='word_1_180' title='bbox 397 3275 478 3334; x_wconf 74' lang='grc' dir='ltr'><em>καθά.</em></span> 
     </span>
     <span class='ocr_line' id='line_1_25' title="bbox 79 3367 543 3447; baseline -0.002 -12"><span class='ocrx_word' id='word_1_181' title='bbox 79 3367 82 3374; x_wconf 67' lang='grc'><strong>’</strong></span> <span class='ocrx_word' id='word_1_182' title='bbox 201 3374 267 3436; x_wconf 79' lang='lat' dir='ltr'><strong>⁰&#39;ln</strong></span> <span class='ocrx_word' id='word_1_183' title='bbox 282 3376 381 3436; x_wconf 79' lang='lat' dir='ltr'><strong>codice</strong></span> <span class='ocrx_word' id='word_1_184' title='bbox 396 3375 543 3447; x_wconf 65' lang='grc' dir='ltr'>ἀλλήλοις.</span> 
     </span>
    </p>
   </div>
   <div class='ocr_carea' id='block_1_3' title="bbox 155 3477 1172 3971">
    <p class='ocr_par' dir='ltr' id='par_1_3' title="bbox 191 3477 433 3540">
     <span class='ocr_line' id='line_1_26' title="bbox 191 3477 433 3540; baseline 0 -2"><span class='ocrx_word' id='word_1_185' title='bbox 191 3477 210 3510; x_wconf 75' lang='lat'><strong>¹⁰</strong></span> <span class='ocrx_word' id='word_1_186' title='bbox 233 3479 266 3538; x_wconf 88' lang='lat' dir='ltr'><strong>ln</strong></span> <span class='ocrx_word' id='word_1_187' title='bbox 281 3479 380 3540; x_wconf 82' lang='lat' dir='ltr'><strong>codice</strong></span> <span class='ocrx_word' id='word_1_188' title='bbox 396 3483 433 3540; x_wconf 76' lang='lat' dir='ltr'><strong>ol:</strong></span> 
     </span>
    </p>

    <p class='ocr_par' dir='ltr' id='par_1_4' title="bbox 155 3577 1172 3755">
     <span class='ocr_line' id='line_1_27' title="bbox 190 3577 1172 3664; baseline -0.004 -24"><span class='ocrx_word' id='word_1_189' title='bbox 190 3580 210 3610; x_wconf 85' lang='lat'><strong>¹¹</strong></span> <span class='ocrx_word' id='word_1_190' title='bbox 233 3581 266 3640; x_wconf 91' lang='lat' dir='ltr'><strong>ln</strong></span> <span class='ocrx_word' id='word_1_191' title='bbox 282 3581 382 3641; x_wconf 84' lang='lat' dir='ltr'><strong>codice</strong></span> <span class='ocrx_word' id='word_1_192' title='bbox 396 3593 439 3642; x_wconf 84' lang='lat' dir='ltr'><strong>est</strong></span> <span class='ocrx_word' id='word_1_193' title='bbox 454 3582 572 3664; x_wconf 81' lang='lat' dir='ltr'><strong>signum</strong></span> <span class='ocrx_word' id='word_1_194' title='bbox 588 3583 692 3651; x_wconf 83' lang='lat' dir='ltr'><strong>Lunae,</strong></span> <span class='ocrx_word' id='word_1_195' title='bbox 709 3603 796 3664; x_wconf 81' lang='lat' dir='ltr'><strong>supra</strong></span> <span class='ocrx_word' id='word_1_196' title='bbox 811 3581 892 3663; x_wconf 88' lang='lat' dir='ltr'><strong>quod</strong></span> <span class='ocrx_word' id='word_1_197' title='bbox 911 3592 980 3642; x_wconf 82' lang='lat' dir='ltr'><strong>eunt</strong></span> <span class='ocrx_word' id='word_1_198' title='bbox 1000 3579 1076 3640; x_wconf 90' lang='lat' dir='ltr'><strong>linea</strong></span> <span class='ocrx_word' id='word_1_199' title='bbox 1097 3577 1172 3638; x_wconf 90' lang='lat' dir='ltr'><strong>hori·</strong></span> 
     </span>
     <span class='ocr_line' id='line_1_28' title="bbox 155 3678 1170 3755; baseline -0.004 -12"><span class='ocrx_word' id='word_1_200' title='bbox 155 3681 288 3752; x_wconf 83' lang='lat' dir='ltr'><strong>zonulis,</strong></span> <span class='ocrx_word' id='word_1_201' title='bbox 303 3682 400 3742; x_wconf 80' lang='lat' dir='ltr'><strong>littera</strong></span> <span class='ocrx_word' id='word_1_202' title='bbox 415 3707 433 3755; x_wconf 87' lang='grc' dir='ltr'><em>η</em></span> <span class='ocrx_word' id='word_1_203' title='bbox 448 3695 476 3743; x_wconf 88' lang='lat' dir='ltr'><strong>et</strong></span> <span class='ocrx_word' id='word_1_204' title='bbox 491 3695 625 3745; x_wconf 82' lang='lat' dir='ltr'><strong>accentus</strong></span> <span class='ocrx_word' id='word_1_205' title='bbox 636 3695 748 3746; x_wconf 76' lang='lat' dir='ltr'><strong>acutus.</strong></span> <span class='ocrx_word' id='word_1_206' title='bbox 761 3683 835 3744; x_wconf 85' lang='lat' dir='ltr'><strong>Vide</strong></span> <span class='ocrx_word' id='word_1_207' title='bbox 847 3683 990 3745; x_wconf 82' lang='lat' dir='ltr'><strong>Tabulam</strong></span> <span class='ocrx_word' id='word_1_208' title='bbox 1002 3701 1034 3752; x_wconf 77' lang='lat' dir='ltr'><strong>a,</strong></span> <span class='ocrx_word' id='word_1_209' title='bbox 1048 3688 1078 3740; x_wconf 86' lang='lat' dir='ltr'><strong>n⁰</strong></span> <span class='ocrx_word' id='word_1_210' title='bbox 1095 3678 1130 3740; x_wconf 74' lang='lat' dir='ltr'><strong>ia</strong></span> <span class='ocrx_word' id='word_1_211' title='bbox 1143 3679 1170 3740; x_wconf 80' lang='lat' dir='ltr'><strong>d.</strong></span> 
     </span>
    </p>

    <p class='ocr_par' dir='ltr' id='par_1_5' title="bbox 190 3783 1131 3869">
     <span class='ocr_line' id='line_1_29' title="bbox 190 3783 1131 3869; baseline -0.003 -23"><span class='ocrx_word' id='word_1_212' title='bbox 190 3783 210 3816; x_wconf 88' lang='lat'><strong>¹¹</strong></span> <span class='ocrx_word' id='word_1_213' title='bbox 233 3786 265 3846; x_wconf 89' lang='lat' dir='ltr'><strong>ln</strong></span> <span class='ocrx_word' id='word_1_214' title='bbox 278 3785 381 3869; x_wconf 19' lang='lat' dir='ltr'><strong>&#39;codice</strong></span> <span class='ocrx_word' id='word_1_215' title='bbox 397 3787 514 3868; x_wconf 83' lang='lat' dir='ltr'><strong>signum</strong></span> <span class='ocrx_word' id='word_1_216' title='bbox 529 3788 629 3849; x_wconf 81' lang='lat' dir='ltr'><strong>Lunae.</strong></span> <span class='ocrx_word' id='word_1_217' title='bbox 646 3786 881 3850; x_wconf 76' lang='lat' dir='ltr'><strong>Vide‘l&#39;abulam</strong></span> <span class='ocrx_word' id='word_1_218' title='bbox 895 3807 925 3856; x_wconf 83' lang='lat' dir='ltr'><strong>n,</strong></span> <span class='ocrx_word' id='word_1_219' title='bbox 943 3794 974 3846; x_wconf 85' lang='lat' dir='ltr'><strong>n⁰</strong></span> <span class='ocrx_word' id='word_1_220' title='bbox 994 3805 1027 3845; x_wconf 65' lang='grc' dir='ltr'><strong>ια</strong></span> <span class='ocrx_word' id='word_1_221' title='bbox 1045 3807 1072 3844; x_wconf 85' lang='lat' dir='ltr'><strong>a.</strong></span> <span class='ocrx_word' id='word_1_222' title='bbox 1129 3783 1131 3786; x_wconf 74' lang='grc'><strong>’</strong></span> 
     </span>
    </p>

    <p class='ocr_par' dir='ltr' id='par_1_6' title="bbox 189 3887 610 3971">
     <span class='ocr_line' id='line_1_30' title="bbox 189 3887 610 3971; baseline 0 -23"><span class='ocrx_word' id='word_1_223' title='bbox 189 3889 209 3917; x_wconf 83' lang='lat'><strong>¹³</strong></span> <span class='ocrx_word' id='word_1_224' title='bbox 231 3889 264 3948; x_wconf 92' lang='lat' dir='ltr'><strong>ln</strong></span> <span class='ocrx_word' id='word_1_225' title='bbox 280 3887 379 3949; x_wconf 85' lang='lat' dir='ltr'><strong>codice</strong></span> <span class='ocrx_word' id='word_1_226' title='bbox 395 3889 511 3971; x_wconf 77' lang='lat' dir='ltr'><strong>signum</strong></span> <span class='ocrx_word' id='word_1_227' title='bbox 527 3889 610 3950; x_wconf 88' lang='lat' dir='ltr'><strong>Solis.</strong></span> 
     </span>
    </p>
   </div>
   <div class='ocr_carea' id='block_1_4' title="bbox 0 0 1486 4824">
    <p class='ocr_par' dir='ltr' id='par_1_7' title="bbox 0 0 1486 4824">
     <span class='ocr_line' id='line_1_31' title="bbox 0 0 1486 4824; baseline 0 2"><span class='ocrx_word' id='word_1_228' title='bbox 0 0 1486 4824; x_wconf 95' lang='lat' dir='ltr'><strong> </strong></span> 
     </span>
    </p>
   </div>
  </div>
 </body>
</html>
