2964 4824
470 423 529 486 ‘DE
553 423 846 488 astronomi.
1101 426 1161 488 255

158 549 303 620 similem
321 553 413 620 arcui
432 575 489 636 μο,
511 564 544 620 et
566 553 612 620 sit·
628 551 725 620 lineae
748 579 786 637 με
810 573 904 645 aequa
927 549 1014 618 lines
1036 549 1104 630 θΗ,
1130 565 1164 622 et
1289 595 1294 606 ·

159 671 326 742 ducantur
340 672 396 742 Ηπ
411 685 444 742 et
460 673 499 767 θρ
513 672 621 742 lineae.
638 671 810 762 Quoniam
827 695 907 768 ergo
922 671 1038 751 similis
1056 685 1104 742 est
1118 701 1163 769 ρπ

158 813 254 862 arcus
272 789 363 862 arcui
379 822 435 880 ομ,
455 818 571 882 aequus
589 807 638 863 est
655 797 754 864 etiam
778 795 919 888 angulus
935 801 962 882 φ
979 795 1101 888 anpslo
1124 823 1160 878 ²3

157 913 316 1008 parallela
330 935 409 1009 ergo
422 929 471 984 est
481 941 525 984 πο
537 913 625 984 linea
638 915 735 984 lineae
747 915 811 996 Ηθ;
826 929 875 986 est
887 927 999 984 autem
1009 928 1043 984 et
1050 941 1160 1010 aequm

158 1059 254 1129 aequa
278 1059 358 1130 ergo
376 1049 426 1106 est
446 1035 535 1106 linea
556 1037 612 1106 πΗ
634 1035 732 1106 lineae
755 1035 791 1106 οθ
812 1049 846 1104 et
866 1035 1025 1129 parallele
1044 1065 1051 1105 ε
1071 1041 1161 1131 atqui

158 1181 254 1252 aeqna
270 1172 318 1227 est
334 1157 422 1228 linea
437 1158 473 1228 θο
488 1157 586 1227 lineae
601 1157 665 1239 Ηε;
681 1179 777 1252 aequa
793 1181 871 1253 ergo
888 1157 977 1228 linea
995 1159 1051 1226 Ηπ
1065 1159 1162 1230 lineae

157 1281 215 1348 lle.
241 1279 396 1352 Circulus
419 1303 498 1374 ergo
521 1303 539 1349 e
562 1293 679 1349 centro
701 1280 747 1358 H,
771 1277 866 1348 radio
890 1279 952 1359 Ηε,
976 1279 1161 1374 descriptus

158 1399 311 1482 transibit
328 1420 390 1494 per
408 1424 433 1468 π
454 1413 489 1468 et
506 1409 621 1494 aequus
637 1399 845 1470 erit-circulo
863 1393 952 1486 μονξ.
970 1399 1087 1496 ltaque
1106 1400 1161 1472 de

158 1524 300 1617 scriptus
322 1525 364 1592 sit
385 1521 529 1592 circulus
552 1514 675 1601 επλυξε
696 1521 752 1591 hic
771 1543 851 1616 ergo
870 1522 932 1590 erit
955 1525 1160 1592 excentricus

156 1643 223 1712 ille.
243 1644 374 1739 ltaque,
390 1645 552 1738 quoniam
568 1643 726 1737 parellela
745 1656 796 1713 est
810 1642 898 1712 linea
917 1643 972 1712 πΗ
989 1643 1086 1713 lineae
1105 1645 1157 1739 pli,

157 1763 228 1860 [ac]
257 1765 379 1859 angulo
401 1791 421 1834 τ
445 1787 560 1860 aequus
586 1778 635 1836 est
661 1763 802 1859 angulus
826 1771 867 1854 φ,
894 1765 1034 1860 epieyeli
1059 1753 1181 1836 etiam¹

155 1886 257 1982 [πρχ]
277 1889 432 1982 arcuicrp
446 1887 563 1956 similis
583 1909 663 1980 ergo
686 1899 735 1954 est
754 1909 851 1955 arcus
866 1913 925 1966 επς
947 1901 982 1956 et
996 1889 1159 1981 incipiens

156 2006 247 2101 [Sol]
270 2021 469 2102 apuncto'e
486 2032 548 2103 per
570 2007 725 2077 accidens
745 2006 912 2078 describet
931 2011 1032 2077 etiam
1054 2036 1096 2078 επ
1117 2013 1158 2078 si·

155 2127 273 2198 milem
292 2153 407 2198 arcum
427 2131 616 2198 excentrici.
639 2129 801 2198 Similiter
825 2144 936 2198 eutem
964 2128 1160 2198 ostendetur

156 2248 272 2318 Solem
284 2247 376 2318 idem
389 2274 523 2343 semper
535 2248 659 2328 lacere,
676 2251 772 2318 itaut
787 2253 903 2330 etiam,
921 2263 1030 2320 totum
1047 2275 1159 2320 emen-

155 2395 210 2439 sus
226 2371 364 2467 epicycli
383 2369 567 2452 ambitum,
586 2370 744 2441 dumille
767 2373 972 2442 concentrici
991 2370 1158 2443 ambitum

154 2493 339 2584 percurrit,
357 2507 467 2562 totum
480 2493 648 2562 describat
656 2495 884 2562 excentrioum
897 2523 903 2562 ε
916 2492 1009 2588 quod
1020 2493 1158 2566 demon-

154 2627 257 2683 strare
276 2614 465 2708 oportebat.

204 2735 477 2806 Demonstranda
489 2749 602 2806 autem
620 2751 652 2806 et
663 2739 792 2806 inversa
807 2737 1003 2830 propositio.
1019 2735 1069 2805 Sit
1083 2761 1155 2808 rur-

153 2882 208 2926 sus
226 2857 380 2928 zodiacus
396 2856 491 2949 eGycl‚
511 2861 608 2952 cujus
626 2857 806 2927 diametros
827 2887 870 2946 cy
893 2872 926 2927 ct
945 2871 1100 2926 centrum
1118 2859 1154 2938 θ;

153 3013 284 3072 venimus
298 3013 396 3072 :deest
410 3012 517 3095 syllaba
533 3017 580 3081 ἐκ,
596 3033 685 3094 quam
701 3012 769 3072 huic
784 3015 867 3096 signo
883 3011 1028 3095 prolixam
1048 3015 1157 3074 inveni-

153 3133 219 3172 mus
226 3115 287 3196 jam
298 3113 400 3182 semel,
413 3116 559 3176 etiterum
572 3103 762 3175 inveniemus.
775 3115 846 3176 Vide
856 3115 999 3176 Tubulum
1013 3137 1043 3184 e,
1056 3123 1114 3176 n⁰s
1131 3117 1154 3177 b.

195 3214 205 3244 ⁸
227 3215 259 3274 ln
276 3215 374 3276 codice
388 3203 458 3288 πηῙγ.
908 3223 912 3232 ’

195 3318 205 3346 ⁰
226 3317 261 3376 ln
276 3317 374 3377 codice
389 3317 469 3378 deest
483 3317 524 3378 δέ.

184 3419 204 3449 ¹⁰
227 3419 260 3480 ln
275 3417 373 3478 codice
387 3419 467 3480 deest
480 3443 556 3502 πρχ.
572 3433 601 3480 et
615 3443 667 3506 pro
682 3431 718 3499 τῇ
730 3445 784 3503 πρ.
800 3421 906 3503 legitur
919 3408 1014 3504 drop.

184 3521 203 3590 ¹f
226 3522 314 3582 Deest
325 3520 406 3591 ἥλιος
422 3549 427 3580 :
444 3521 534 3583 silicet
547 3525 663 3605 signum
674 3523 748 3584 Solis
761 3527 901 3584 omissum
917 3538 967 3584 cst.

184 3625 203 3655 ¹¹
227 3625 261 3685 ln
276 3623 374 3684 codice
389 3629 553 3709 ἐκκέντρου.

185 3727 204 3756 ¹³
227 3727 259 3786 ln
276 3725 373 3786 codice
388 3729 551 3809 ἔγκεντρον.
568 3729 640 3790 Vide
656 3730 758 3789 Nolam
774 3749 818 3788 ss.

184 3829 201 3860 ¹⁴
225 3831 258 3889 ln
275 3827 373 3889 codice
389 3816 490 3909 {dl—¹3.
507 3829 563 3889 Sed
578 3837 600 3888 Λ
616 3841 712 3892 ortum
729 3843 770 3889 est
785 3851 818 3890 ex
834 3839 866 3890 Α.

1205 2765 1253 2808 Vide
1261 2769 1332 2808 iterum

1194 2821 1286 2879 descript.
1296 2823 1342 2865 Vll·
