2970 4822
323 430 381 494 106
615 428 810 492 THEONIS
831 429 1035 492 SMYRNAEI

318 552 487 620 exoennioi
507 552 588 618 rodii
602 577 609 616 :
624 551 711 639 quod
727 553 771 618 ita
792 575 858 620 esse
875 564 1020 642 oportere
1036 552 1070 618 in
1087 551 1142 618 illa
1159 553 1342 642 hypothesi

318 665 528 732 Ptolemaeus¹
547 664 752 730 demonstrat.

365 776 519 842 Similiter
535 776 739 864 hypothesim
758 799 816 864 per
837 775 1017 864 epinyclum
1040 797 1106 842 uno
1127 777 1239 849 modo,
1264 799 1338 844 non

318 889 478 977 pluribus,
495 890 589 954 statui
603 911 693 976 posse
706 889 843 956 ostendit
852 887 1004 955 Adrastus
1015 915 1023 953 ε
1036 901 1068 956 et
1080 889 1185 976 primo
1194 888 1338 976 quidem

318 1003 497 1090 epicyelum
509 1003 543 1068 in
555 1025 619 1090 quo
628 1002 682 1068 Sol
692 1015 838 1068 movetur
850 1023 915 1067 non
925 1023 1016 1088 posse
1027 1001 1061 1066 in
1072 1023 1138 1068 nno
1151 1001 1220 1066 looo
1229 1013 1337 1075 stam

318 1115 438 1182 moveri
450 1137 523 1202 ergo
535 1115 568 1180 in
580 1115 715 1201 alicujus
725 1113 837 1180 circuli
847 1113 981 1180 circuitu
994 1111 1191 1200 aequabiliter
1202 1123 1233 1178 et
1244 1135 1337 1178 oom-

319 1227 432 1314 posite;
450 1249 508 1292 nec
521 1249 596 1292 uero
612 1227 681 1292 lieri
702 1249 793 1314 possa
811 1238 847 1290 ut
864 1226 904 1290 ab
922 1225 1045 1292 oriente
1059 1225 1095 1290 in
1111 1224 1333 1298 occidentem,

319 1341 431 1406 eadem
447 1340 605 1406 celeritate
622 1361 686 1426 qna
702 1339 823 1404 circum
838 1339 971 1404 Terram
987 1337 1131 1426 quotidie
1143 1337 1336 1402 universum

319 1451 468 1524 volvitur,
487 1463 542 1516 aut
557 1451 686 1536 majori,
705 1448 840 1523 seratum
856 1449 912 1516 sed
933 1461 988 1540 aut
1007 1449 1129 1514 tardius
1148 1449 1189 1514 ab
1207 1447 1335 1514 oriente

319 1563 353 1628 in
374 1561 569 1628 occidentem
585 1562 668 1628 terri
692 1563 773 1628 Solis
794 1562 987 1650 epioyolum,
1013 1562 1057 1628 ita
1079 1573 1115 1626 ut
1139 1582 1223 1648 pone
1247 1572 1335 1626 astra

320 1675 493 1740 inerrantia
510 1697 575 1740 uno
591 1674 725 1738 circuitu
742 1685 807 1740 toto
822 1673 906 1738 intra
923 1673 1000 1738 anni
1015 1673 1155 1760 spatium
1171 1673 1334 1758 relinqua-

321 1799 382 1858 tur,
397 1799 452 1850 aut
463 1787 545 1851 intra
557 1787 645 1851 idem
657 1785 796 1873 spatium
808 1786 977 1850 circuitum
993 1807 1098 1848 unum
1112 1784 1152 1850 ab
1167 1783 1334 1850 occidente

320 1897 353 1962 in
367 1899 522 1962 orientem
537 1899 694 1964 conficere
706 1910 737 1962 et
754 1898 849 1963 simul
863 1897 1006 1985 quotidie
1019 1919 1093 1962 cum
1112 1896 1260 1960 universo
1270 1895 1333 1960 eir·

321 2010 488 2075 cumvolvi.
507 2009 667 2074 Utrumvis
682 2010 839 2096 posueris,
852 2011 938 2077 idem
953 2009 1035 2074 effici
1051 2020 1160 2074 auctor
1173 2007 1330 2074 affirmat:

321 2134 352 2188 et
358 2122 392 2187 id
401 2123 533 2210 quidem
540 2145 653 2186 verum
661 2134 754 2194 esset,
769 2123 794 2188 si
805 2122 858 2188 Sol
868 2122 1055 2209 quotidiano
1063 2121 1185 2186 circum
1195 2121 1330 2186 Terram

321 2235 486 2320 apparenti
500 2245 589 2298 motu
600 2234 855 2320 aequinoctialem
867 2256 993 2320 semper
1005 2233 1178 2305 circulum,
1189 2232 1331 2298 inerran-

322 2345 406 2412 tibus
422 2345 519 2412 stellis
532 2346 627 2432 paulo
639 2346 774 2417 tardius,
792 2346 992 2412 describeret.
1007 2346 1070 2412 Sed
1085 2345 1177 2431 longe
1192 2344 1282 2410 aliter
1296 2367 1331 2408 se

321 2479 370 2522 res
382 2457 510 2523 habete
528 2459 561 2524 si
578 2459 666 2524 enim
683 2471 791 2526 centro
809 2458 917 2524 solaris
935 2457 1082 2546 epioyoli,
1101 2479 1200 2543 quem
1212 2455 1331 2542 inipso

321 2571 511 2636 concentrioi
524 2571 634 2636 circuli
647 2571 778 2658 planitie
795 2593 861 2636 esse
875 2571 943 2635 vult
955 2581 1073 2642 auctor,
1087 2569 1173 2634 idem
1187 2568 1332 2655 quotidie

321 2705 447 2769 semper
457 2683 593 2750 circulus
603 2684 842 2755 describeretur,
853 2682 1005 2770 idemque
1017 2703 1145 2769 semper
1156 2691 1235 2746 esset
1247 2680 1330 2752 Solis

233 2841 240 2854 ,
321 2817 406 2861 orcus
422 2795 557 2869 diurnus,
573 2796 685 2862 eadem
703 2774 799 2859 dnioo
817 2795 991 2882 amplitudo,
1011 2816 1075 2858 non
1089 2793 1233 2858 existeret
1252 2793 1329 2859 anni

322 2917 545 2993 tempestatum
558 2907 705 2980 varietas,
720 2929 819 2994 quam
832 2929 896 2972 non
910 2929 975 2972 uno
990 2906 1137 2970 circulari
1149 2917 1253 2978 motu,
1271 2927 1330 2970 neo

322 3017 446 3092 duobus
463 3019 633 3106 parallelis,
649 3019 705 3085 sed
721 3032 776 3084 aut
791 3019 917 3104 duobus
931 3019 1068 3088 invicem
1085 3017 1237 3104 obliquis,
1251 3039 1329 3104 quo-

322 3131 442 3196 tidiano
455 3155 536 3204 uno,
550 3155 658 3198 annuo
673 3133 786 3206 altero,
805 3145 859 3196 aut
874 3155 939 3199 uno
956 3132 990 3198 in
1007 3131 1126 3218 spiram
1139 3142 1229 3196 motu
1246 3130 1328 3194 effici

323 3266 448 3308 necesse
461 3256 525 3308 est:
539 3257 569 3308 et
581 3246 664 3310 hano
677 3245 809 3332 quidem
822 3244 918 3310 fuisse
931 3243 1056 3309 Adrasti
1068 3243 1252 3331 opinionem
1264 3263 1328 3308 cre·

322 3355 428 3420 dimus
438 3355 461 3418 ³.
478 3357 589 3422 Merito
607 3379 681 3422 vero
699 3356 775 3422 dicit
792 3368 900 3422 auctor
916 3355 1000 3420 salva
1013 3377 1080 3420 esse
1096 3375 1186 3442 posse
1200 3355 1327 3440 pheno-

361 3541 367 3570 ’
390 3538 472 3611 Gomp.
485 3539 557 3592 neoda.
572 3541 609 3593 lll
617 3580 623 3602 ,
640 3547 668 3603 l,
683 3553 701 3594 t.
717 3543 741 3602 I,
755 3559 781 3614 p.
800 3543 849 3612 187
865 3540 971 3593 Halmae.
986 3539 1052 3594 Vide
1065 3543 1156 3594 Notum
1171 3558 1210 3594 at.

359 3635 369 3664 ¹
389 3631 454 3686 Vide
471 3631 625 3695 Geminum,
650 3633 725 3688 Elem.
743 3645 833 3688 astron
852 3652 874 3686 o.
896 3651 926 3696 x,
949 3653 975 3706 p.
995 3638 1043 3696 td,
1066 3633 1093 3686 in
1113 3633 1208 3689 Peterii
1229 3631 1326 3686 llnorol.

326 3727 409 3788 1630,
422 3724 506 3780 in-fol.

360 3821 369 3850 ³
391 3817 454 3870 Vide
468 3818 547 3890 hujus
558 3818 622 3872 Dias.
633 3829 699 3894 port.
711 3821 747 3883 ll,
763 3839 784 3874 c.
800 3837 846 3882 111,
857 3817 907 3882 85,
922 3831 947 3874 et
958 3839 980 3876 e.
993 3839 1028 3882 tv,
1039 3818 1051 3872 S
1064 3821 1105 3877 18.
