2958 4824
471 419 527 480 DE
550 417 847 480 Asrttortoutn.
1108 419 1164 482 197

155 546 319 638 cujusque
336 543 504 623 colorem,
523 557 599 614 tum
617 545 719 614 etiem
733 567 795 638 per
810 542 1017 612 celeritatem
1036 556 1166 613 eontra-

154 667 196 732 rii
215 667 374 736 universo
392 679 520 744 motus,
539 668 585 734 sio
603 663 770 758 loquens:

209 813 223 848 s
234 784 418 880 Postquam
442 799 556 856 autem
576 789 612 856 in
632 800 728 880 preto
747 789 871 881 cuique
889 799 1021 880 septem
1038 785 1110 856 dies
1124 785 1169 856 ef-

158 903 358 988 ademerint,
384 907 464 978 inde
482 921 656 1003 surgentes
674 920 833 1001 oportere
848 921 965 977 octavo
991 905 1045 976 die
1068 905 1168 1002 proii-

158 1029 277 1107 scisci,
298 1041 332 1098 et
343 1042 465 1121 quarto
479 1027 533 1097 die
545 1027 592 1096 nd
609 1028 726 1098 locum
738 1029 931 1120 pervenire,
946 1025 1039 1096 unde
1052 1025 1170 1098 vident

158 1171 331 1246 «superne
344 1173 407 1242 per
419 1162 529 1218 totum
540 1147 665 1218 ooelum
678 1161 713 1218 et
724 1161 850 1218 terram
864 1160 1039 1216 extensum
1050 1147 1169 1218 lumen

159 1297 174 1333 n
183 1282 332 1348 rectum,
353 1283 517 1366 tanquam
539 1268 753 1349 columnam,
777 1267 854 1338 iridi
875 1270 1021 1338 maxime
1044 1269 1168 1351 simile,

159 1389 245 1459 «sed
263 1391 385 1460 elarius
403 1405 437 1460 et
452 1393 586 1486 purius,
603 1389 646 1460 ad
661 1389 756 1485 quod
768 1391 976 1484 perueniunt
986 1391 1088 1460 unius
1104 1387 1171 1460 diei

160 1513 321 1592 «itinere,
337 1526 371 1581 et
382 1510 430 1580 ibi
440 1535 475 1582 se
487 1511 608 1584 vidisse
617 1509 733 1582 medio
747 1513 784 1580 in
796 1511 926 1580 lumine
941 1523 1090 1580 extreme
1101 1513 1173 1581 vin-

160 1663 175 1698 «
185 1633 343 1704 culormn
354 1657 372 1702 e
383 1633 470 1704 ooeio
478 1647 583 1704 tense.
594 1631 675 1702 Esse
686 1635 779 1702 enim
787 1632 907 1702 iumen
920 1631 1006 1702 iilud
1018 1631 1094 1702 ooeli
1103 1635 1172 1703 vin·

158 1752 319 1834 «culum,
340 1752 633 1848 quemadmodum
650 1756 802 1824 transtris
820 1755 975 1824 triremes
992 1755 1170 1824 continen-

34 1888 37 1897 ·
159 1903 174 1940 «
183 1877 313 1955 tur‚sio
321 1889 433 1945 totum
441 1877 618 1946 continens
627 1872 1048 1946 circuitumAbextremis
1057 1887 1215 1968 eutemN

160 2009 359 2066 «extensum
382 2021 452 2066 esse
470 1995 678 2068 Necessitatis
699 1993 831 2075 fusum,
850 2019 1034 2090 perquem
1052 2019 1172 2066 omnes

160 2119 344 2188 «circuitus
355 2117 445 2189 volvi
455 2147 464 2200 ς
476 2121 573 2213 eujus
583 2121 712 2212 virgam
728 2131 762 2187 et
770 2115 948 2211 cuspidem
962 2141 1033 2186 esse
1045 2141 1084 2186 ex
1098 2114 1173 2186 adn-

162 2263 176 2300 «
187 2251 318 2318 mente,
334 2262 373 2308 eo
384 2237 592 2335 spondylum
604 2241 749 2308 mixtum
761 2263 800 2309 ex
810 2237 875 2306 heo
887 2241 1027 2308 materie
1041 2251 1075 2308 et
1085 2238 1171 2319 eiiis3

204 2391 214 2419 ⁶
236 2391 270 2451 In
290 2391 416 2454 Platonis
437 2393 482 2454 ed.
498 2395 651 2456 Turicensi
669 2405 713 2455 est
730 2401 909 2476 προσφερὴς
927 2391 978 2454 sed
997 2393 1029 2452 in
1044 2391 1172 2453 Theonis

161 2492 262 2555 codiee
271 2498 412 2578 ἐμφερές,
425 2497 496 2558 etin
508 2517 569 2559 uno
579 2497 707 2578 Plutonis
719 2509 763 2558 est
772 2501 957 2579 προσφερές.
967 2495 1113 2556 Neutrum
1125 2517 1172 2578 ge·

160 2617 217 2656 nus
234 2597 341 2658 meiius
354 2608 410 2667 est,
427 2599 519 2660 immo
534 2598 631 2662 solum
645 2609 757 2660 rectum
774 2611 826 2661 est.
842 2598 1025 2682 Adjeotivum
1039 2599 1118 2660 onim
1134 2598 1170 2658 ed

162 2706 225 2776 φῶς
238 2697 372 2762 refertur.

203 2801 213 2830 ⁷
235 2803 329 2865 sicin
345 2802 473 2864 Theonis
488 2803 596 2864 codice.
608 2805 641 2864 ln
657 2803 778 2866 Plutone
792 2815 837 2865 est
848 2805 1012 2880 ἀφικέσθαι.

204 2903 270 2966 8ῚΙη
284 2905 384 2968 eodioe
398 2905 466 2968 δεῖν.
872 2963 875 2968 .

204 3005 214 3036 ⁹
237 3007 307 3070 Post
320 3010 407 3092 dupe,
423 3029 477 3070 vox
487 3012 589 3078 αὐτοῦ,
601 3031 666 3092 quoe
677 3011 708 3070 in
721 3009 841 3070 Platone
851 3019 907 3076 est,
921 3009 1001 3072 eben
1013 3030 1030 3068 e
1040 3007 1168 3070 Theone.

194 3108 214 3139 ¹⁰
235 3110 269 3170 ln
283 3112 384 3172 codice
398 3115 571 3190 τεταμμένα.

195 3211 214 3240 ¹¹
238 3213 271 3272 In
286 3213 385 3276 oodioe
399 3217 480 3277 elom.
492 3208 580 3275 rotae
592 3218 651 3297 γὰρ
661 3223 732 3293 φῶς.

197 3311 217 3342 ¹¹
239 3313 272 3372 ln
288 3315 386 3376 codiee
400 3316 484 3378 οὗτος
497 3325 569 3378 πᾶς.

195 3415 216 3445 ¹³
238 3416 272 3476 In
287 3417 386 3493 codiee
399 3425 579 3500 τεταμμένον
595 3423 739 3500 ἀνάγκαις.

194 3518 215 3549 ¹⁴
238 3519 272 3582 In
287 3520 387 3582 codice
400 3527 574 3606 περιφοράς.

194 3620 215 3651 ¹⁵
237 3621 271 3682 In
287 3621 386 3684 oodiee
399 3623 553 3699 ήλωιάτην.

195 3723 215 3752 ¹⁶
238 3725 307 3786 Post
321 3728 369 3794 ἐκ,
384 3726 416 3786 in
430 3726 550 3790 Plutone
563 3740 607 3790 est
620 3751 662 3790 τε.

195 3826 214 3855 ¹⁷
238 3827 271 3886 ln
287 3827 400 3898 codiee,
416 3850 470 3910 pro
484 3830 549 3900 τὀῦ,
565 3830 672 3914 legitur
685 3833 795 3894 iterum
807 3836 868 3905 τήν.
