3016 4826
505 413 562 474 DE
585 413 881 476 Asruonotun.
1135 416 1196 480 tun

231 537 366 618 Denique
378 533 545 596 Heracliden
560 535 712 603 Ponticus.
727 557 821 620 quum
836 535 977 598 circulum
992 533 1121 600 uudnri
1135 535 1198 598 dec·

187 637 326 707 criberet,
341 639 413 698 item
427 637 517 708 Solio,
533 650 562 698 et
576 659 670 700 unum
685 649 828 722 punctum
849 648 937 722 atque
952 659 1041 700 unum
1062 637 1199 700 mucu-

187 753 248 801 tem
262 741 379 802 duobus
393 740 476 802 deret
489 741 603 802 circulis
614 739 634 808 ¹.
647 741 856 804 demonstravit
870 752 904 802 ut
917 741 1066 802 interdum
1081 741 1197 802 buciier

188 845 331 925 superior,
354 845 502 905 interdum
523 843 645 906 inferior
665 844 732 908 Sole
754 844 815 906 fiat.
836 846 883 916 Ait
901 845 981 906 enim
1000 855 1030 908 et
1047 843 1145 908 sotem
1168 857 1197 906 et

189 947 306 1006 Lunam
325 958 354 1010 et
373 945 539 1008 Luciferum
554 960 583 1008 et
596 969 700 1008 omnen
719 947 860 1030 planetae.
880 947 932 1008 ubi
952 967 1055 1008 eorum
1072 947 1197 1030 quicque

189 1049 238 1117 eit,
260 1071 320 1109 une
339 1049 416 1110 tinea
434 1071 452 1108 a
472 1048 602 1131 puncto¹
621 1050 717 1110 Terre
736 1069 788 1130 per
807 1060 948 1132 punctum
968 1046 1057 1110 stelin
1075 1059 1197 1110 mennte

189 1152 390 1212 demonstrari.
406 1153 471 1212 Erit
484 1171 552 1234 ergo
568 1173 626 1212 une
641 1152 730 1220 iinon,
746 1150 855 1212 directe
869 1173 904 1214 ex
917 1151 1013 1212 Teren
1029 1150 1196 1220 medietate.

190 1253 288 1314 Solem
308 1253 526 1322 demonstrnnm
546 1253 611 1314 duae
629 1273 698 1316 vero
711 1254 772 1314 elin
786 1253 1032 1338 deutrnloeruque
1052 1251 1197 1316 nihiinmi·

190 1379 246 1417 nus
264 1357 378 1419 directe
392 1357 489 1426 lineo.
506 1379 522 1417 n
536 1356 603 1418 Sole
617 1355 737 1439 quidem
751 1355 890 1420 dictantes
904 1357 1119 1441 quinquaginta
1136 1375 1196 1418 mo·

189 1461 310 1528 mentis.
331 1480 347 1518 n
367 1479 397 1520 ee
416 1471 514 1520 eutem
534 1459 657 1520 invicem
678 1470 796 1520 centum
818 1484 824 1517 :
845 1479 971 1542 querum
993 1457 1085 1520 nitere
1104 1456 1194 1526 iinon.

188 1562 293 1622 orienti
314 1563 459 1644 proximo.
475 1561 655 1622 demonstret
673 1561 855 1630 Luciferum,
870 1583 965 1644 quum
980 1561 1095 1622 Lucifer
1109 1559 1197 1644 pluri·

187 1685 269 1724 mum
283 1685 299 1724 e
311 1663 378 1725 Sole
392 1663 628 1733 dindinhoue
644 1665 755 1726 vicinus
768 1663 960 1726 orientalibus
972 1665 1064 1748 pingis
1073 1663 1093 1732 ⁸.
1109 1685 1194 1746 prop·

188 1779 322 1850 tereaque
334 1767 413 1828 idem
426 1767 549 1850 Hesperi
562 1787 668 1828 nomeu
681 1767 839 1852 accipiens,
850 1767 932 1854 quod
941 1769 973 1828 in
984 1767 1062 1830 onie*
1076 1787 1194 1850 verpere

186 1880 307 1951 postque
318 1889 453 1930 occasum
466 1869 541 1930 Solio
553 1881 704 1952 appaream
717 1869 805 1932 nitere
816 1892 883 1932 vcro
895 1870 1039 1934 occidenti
1051 1871 1195 1952 proxime.

186 1991 279 2053 quum
294 1971 456 2054 plurimum
471 1971 589 2032 dictabit
603 1971 683 2033 idem
697 1973 813 2034 Lucifer
833 1995 849 2036 n
868 1973 947 2041 Soio,
970 1971 1062 2033 [nctus
1085 1972 1195 2032 vicione

187 2073 314 2134 occiduis
327 2074 346 2144 ⁵,
372 2086 580 2159 proptereaque
602 2073 719 2136 Lucifer
742 2078 919 2137 nominetur.
944 2075 1061 2136 Etenim
1086 2075 1194 2156 perepi-

70 2169 73 2176 ’
156 2213 157 2218 1
186 2195 277 2236 cuum
289 2177 501 2262 eetHecperum
516 2176 637 2259 quidem
651 2175 710 2237 dici
724 2188 898 2258 tuncquum
909 2177 940 2236 in
954 2174 1087 2259 pertibm
1101 2175 1195 2236 orien-

186 2277 236 2338 tio⁰
249 2278 363 2341 videtur
373 2299 497 2362 sequeno
509 2279 583 2340 Solis
593 2299 727 2341 occasum
736 2279 919 2347 ehuciferum
928 2299 1009 2344 vero.
1020 2299 1115 2360 quum
1127 2288 1194 2340 ento

186 2381 283 2442 Solem
303 2382 453 2462 mergitur,
469 2393 498 2443 et
516 2403 630 2451 rumne,
646 2393 743 2442 exacta
757 2381 971 2466 propemodum
986 2394 1085 2451 nocte,
1100 2381 1194 2442 oritur

186 2497 252 2545 ante
263 2484 369 2546 Solem.
380 2485 423 2546 sit
433 2485 523 2567 igitur
532 2498 675 2569 punctum
683 2483 693 2516 ⁷
701 2466 796 2547 Terrae
806 2485 929 2570 coeliquc
939 2485 990 2546 ubi
999 2495 1045 2546 eet
1053 2485 1147 2544 littere
1156 2507 1194 2564 χ;
1277 2505 1328 2548 vie.

186 2587 317 2649 zodiacus
329 2609 395 2650 vero
407 2589 533 2650 circulus
545 2610 633 2671 super
645 2609 733 2672 quem
747 2599 816 2649 cunt
828 2610 859 2657 α,
872 2587 901 2657 8,
914 2609 948 2666 γ,
966 2598 1054 2655 notae,
1066 2595 1095 2646 et
1107 2587 1144 2645 eit
1158 2585 1195 2644 αθ
1226 2565 1319 2620 enipi.
1329 2561 1383 2603 ω’

186 2690 311 2751 ambitus
324 2703 542 2752 momentorum
554 2693 781 2774 quinquaginta.
796 2691 865 2751 item
878 2691 915 2769 ἐγ
931 2689 1057 2750 ambitus
1073 2673 1191 2750 totidem

186 2805 416 2863 momentorum,
430 2805 458 2854 et
472 2815 524 2876 per
537 2795 578 2875 χὲ
591 2794 698 2854 lineum
713 2805 855 2877 punctum
870 2795 906 2852 sit
920 2792 994 2852 Solis
1009 2793 1040 2854 in
1054 2789 1149 2852 littere
1164 2814 1190 2850 κ.

186 2895 250 2955 Erit
264 2918 332 2978 ergo
346 2897 422 2958 iinen
437 2897 507 2977 χκὲ,
523 2919 587 2980 quae
601 2896 781 2957 demonstret
796 2894 907 2964 Soiem‚
924 2893 954 2954 id
969 2905 1013 2954 eet
1026 2893 1150 2954 litterum
1163 2894 1189 2952 8.

185 2997 311 3058 Tantum
324 3009 421 3059 antem
434 3011 585 3060 moventur
598 2997 675 3059 haec⁸
689 2997 791 3060 eedem
808 2997 898 3064 lineo,
911 3006 1056 3078 qnantum
1069 2995 1118 3057 Sol
1130 3017 1190 3058 mo·

219 3163 225 3191 ¹
244 3161 271 3212 ld
280 3173 314 3214 eet
322 3163 433 3232 epinyciir.
442 3163 501 3214 Vide
509 3165 594 3214 iterum
603 3167 684 3214 Notum
693 3183 713 3212 c.

218 3247 227 3273 ²
244 3247 348 3296 Punctum
360 3265 402 3314 pro
414 3257 488 3297 centro
499 3247 555 3300 dicit
566 3247 705 3298 Chalcidice.

217 3331 226 3358 ³
243 3329 314 3379 idest
323 3349 338 3380 a
348 3331 397 3384 sote
406 3330 512 3381 occidenti
523 3330 625 3382 orientem
635 3349 708 3382 verene
717 3324 808 3382 dirtnnc

218 3416 226 3442 '¹
243 3414 270 3464 ld
280 3425 315 3465 eet
323 3433 339 3465 n
348 3415 397 3465 Soie
406 3415 508 3466 orientem
516 3435 589 3467 cerrus
596 3416 693 3474 diem,
704 3416 801 3486 quemuis
812 3415 856 3484 ipse
865 3433 907 3465 non
914 3415 1027 3466 mercum
1034 3415 1117 3482 nocui.
1129 3416 1189 3463 Nun·

183 3517 255 3565 quem
264 3499 338 3556 enim,
350 3499 404 3550 Sole
413 3500 544 3556 occidente,
556 3504 634 3552 Venus
644 3502 667 3552 in
678 3501 783 3552 orientali
793 3501 919 3550 horizontis
929 3508 995 3567 perte
1005 3508 1048 3549 eet.

218 3584 227 3612 ⁸
243 3582 271 3632 ld
281 3593 315 3632 est
324 3602 338 3632 o
348 3583 397 3632 Sole
408 3582 488 3633 oriente
496 3603 596 3636 occanum
604 3603 677 3635 uersus
689 3585 787 3642 dietum,
798 3583 895 3654 quornnis
906 3584 950 3652 ipre
960 3602 1003 3634 non
1011 3583 1039 3632 od
1048 3591 1096 3632 ortu
1102 3582 1187 3648 piocni.

217 3668 226 3695 ⁸
243 3665 270 3716 ld
280 3676 315 3716 eet
324 3685 339 3716 o
351 3667 400 3716 Son
411 3667 518 3719 occidenti
527 3669 629 3720 orientem
641 3688 715 3720 uersus
727 3669 824 3726 dietum,
834 3679 860 3718 ut
871 3686 947 3735 cupre.
1024 3687 1027 3694 ¹

217 3753 225 3779 ⁷
242 3750 269 3800 ld
278 3759 313 3800 ert
324 3759 426 3800 centrum.

216 3835 225 3862 ⁸
242 3837 281 3884 Sic
290 3837 321 3891 F,
329 3853 386 3884 cum
398 3835 511 3892 Dobiero,
525 3846 593 3886 reete.
606 3840 657 3887 Aet
667 3839 703 3893 Μ,
718 3837 766 3885 hnc.
