3016 4826
334 419 394 480 att
622 415 749 476 NOTAE
771 415 812 474 ΙΝ
837 413 1051 476 ΤΗΕΟΝΕΜ

333 549 531 621 «comparata,
542 549 615 598 notae
624 537 754 598 obtineat
763 536 900 604 modum,
910 535 1076 596 declaratur
1085 537 1146 598 acie
1157 549 1338 606 verutorum.

333 645 406 725 «qui
416 646 563 722 γνώμονες
573 639 782 722 appellantura
795 640 985 708 mechanicia,
1001 638 1039 698 ad
1053 639 1216 700 faciendam
1229 640 1342 702 solariis

333 746 503 814 numbram,
517 765 575 828 qua
588 742 773 804 declarantur
784 742 870 804 horae.
884 744 1001 825 Quippe
1014 743 1176 804 mechanici
1191 745 1342 828 horologia

333 851 549 916 «instituentes,
570 867 622 928 per
645 867 747 906 omncs
769 847 929 928 provincias
950 867 1111 930 omnesque
1132 849 1221 911 etiem
1242 847 1342 931 plagas

333 950 538 1016 «habitabiles.
553 961 674 1010 sumunt
684 949 739 1010 sibi
752 950 916 1031 promiscue
929 961 1015 1031 atque
1027 949 1226 1010 indifferenter
1235 949 1342 1012 horum

333 1058 484 1139 «ipsorum
499 1075 681 1137 gnomonum
696 1073 852 1114 mucrones
866 1073 920 1134 pro
938 1063 1049 1133 puncto
1066 1065 1094 1112 et
1113 1053 1267 1116 medietate
1288 1054 1343 1114 sol-

332 1158 464 1220 ·stitialis
484 1157 561 1242 pilam
578 1177 632 1216 nec
652 1167 757 1216 errant.
774 1156 865 1236 Ergo,
882 1156 906 1214 si
927 1165 970 1214 est
990 1173 1048 1214 une
1068 1165 1097 1217 et
1116 1176 1182 1216 vera
1201 1156 1342 1220 medietas

332 1260 511 1324 «solstitialis
530 1259 607 1342 pilae,
624 1278 725 1320 omnes
745 1269 843 1318 autem
862 1269 936 1318 notae
955 1269 1042 1339 atque
1063 1259 1162 1318 omnia
1181 1269 1290 1341 puncta
1308 1280 1343 1319 ex

332 1367 433 1426 «omni
448 1365 567 1446 regione
581 1375 724 1424 terrarum
745 1361 947 1444 adsequuntur
964 1382 1062 1422 veram
1081 1361 1166 1420 istam
1186 1359 1262 1422 Solis
1281 1383 1342 1422 me·

332 1468 502 1533 «dietatem.
524 1467 710 1547 perspicuum
730 1465 874 1545 estquod
896 1465 991 1524 omnis
1015 1465 1104 1524 Terra
1126 1465 1227 1546 puncti
1248 1466 1342 1526 ricem

332 1569 457 1630 «habeat
472 1571 623 1630 adversum
637 1567 713 1629 Solis
727 1567 848 1648 globum
860 1579 1034 1649 comparata.
1045 1593 1056 1624 a
1067 1566 1233 1650 Intelligere
1244 1579 1343 1628 autem
1402 1619 1407 1628 .

331 1683 445 1754 oportet
456 1671 528 1733 ‘Solis
540 1672 649 1752 globum
663 1670 708 1730 vel
722 1671 885 1730 solstitialem
901 1671 988 1751 pilam
1004 1669 1156 1731 Chalcidie
1175 1671 1232 1730 dici
1253 1670 1343 1752 ephee·

331 1795 395 1834 ram
414 1777 445 1834 iu
458 1797 517 1858 qua
531 1773 581 1834 Sol
598 1785 740 1842 movetur,
755 1786 785 1832 et
798 1772 872 1834 Solis
892 1773 1058 1834 undictatem
1073 1775 1205 1856 ejusdem
1225 1773 1343 1856 sphaerae

331 1888 474 1938 centrum.
490 1878 534 1937 De
547 1877 703 1959 gnomonis
717 1876 925 1958 descriptione,
941 1876 1077 1938 nonnihil
1092 1875 1277 1936 Chalcidium
1292 1877 1343 1936 ad·

331 1980 438 2040 didisse
452 1980 613 2047 credimus.
630 1980 829 2040 Romanorum
850 1979 993 2040 lectorum
1012 2001 1111 2045 causa.
1133 1981 1258 2040 auctoris
1277 2000 1342 2040 sen-

330 2084 433 2142 tentias
447 2105 526 2144 nuuc
541 2082 724 2149 contrahere,
741 2104 820 2142 nunc
836 2083 975 2164 prolixius
992 2093 1102 2142 vertere
1122 2082 1250 2142 solitum.
1270 2083 1343 2142 Note

331 2187 418 2248 etiam
433 2185 538 2246 similia
552 2186 675 2245 inveniri
690 2185 768 2266 apud
783 2185 969 2246 Cleomedem
983 2184 990 2212 ¹
1008 2210 1013 2242 :
1030 2187 1061 2243 in
1077 2185 1184 2266 quibus
1203 2184 1342 2246 eumdem

330 2288 427 2348 lorsen
450 2300 597 2348 auctorem
623 2289 812 2348 Posidonium
841 2291 930 2348 secuti
954 2299 1022 2346 sunt
1048 2288 1186 2348 Adrastus
1209 2299 1238 2348 et
1258 2287 1342 2346 Cleo·

331 2393 441 2451 medes.

782 2535 853 2606 Nora
872 2553 894 2604 J.

641 2663 677 2715 Ad
693 2684 714 2716 c.
729 2631 837 2725 russel.
853 2668 868 2718 6
884 2684 913 2724 a,
926 2685 950 2738 p.
970 2685 1030 2734 ¹7²¹

380 2853 512 2866 .......
525 2809 597 2864 κατὰ
616 2807 697 2886 [τοῦ]
709 2809 835 2875 παντὸς,
850 2807 881 2866 id
896 2817 939 2866 est
953 2817 1047 2866 contra
1063 2807 1227 2870 universum,
1244 2815 1341 2863 motus

332 2906 437 2965 dicitur
450 2908 477 2966 ei
489 2905 582 2967 motui
595 2907 771 2973 contrarius,
782 2929 842 2990 quo
853 2908 960 2968 coelum
973 2919 1067 2967 toturn
1081 2906 1212 2991 quotidie
1226 2906 1340 2966 ridetur

332 3009 440 3068 circum
456 3009 576 3069 Terram
591 3010 665 3070 volvi
680 3009 860 3070 occidentem
875 3032 983 3070 versus.
1001 3011 1096 3070 Motus
1116 3028 1185 3089 ergo
1205 3008 1340 3068 illexerat

331 3119 382 3170 τοῦ
396 3116 509 3171 παντὸς
523 3124 566 3172 est
578 3124 675 3172 motus
692 3114 718 3170 in
735 3111 941 3195 longitudinem,
956 3133 1031 3194 quo,
1049 3123 1081 3171 ut
1095 3111 1183 3194 paulo
1198 3131 1285 3192 supra
1298 3109 1340 3170 lo·

332 3215 432 3295 quitur
450 3213 556 3275 Theon·
569 3215 749 3297 Smyrnaeus,
773 3225 847 3273 astra
869 3215 1027 3274 inerrantia
1049 3217 1248 3296 (ἐπιφέρονται
1272 3213 1340 3293 [τῷ]

331 3321 435 3386 σαντί,
450 3317 481 3380 id
496 3329 539 3380 est
553 3319 688 3381 feruntur
702 3338 762 3378 non
777 3317 814 3378 ed
829 3317 937 3378 zodiaci
956 3317 1037 3397 signa
1056 3316 1106 3376 illa
1127 3338 1191 3398 quae
1210 3315 1340 3375 occiden-

331 3431 390 3480 tem
409 3441 508 3481 versus
528 3421 717 3489 antecedunt,
739 3421 789 3482 sed
808 3419 845 3480 ad
865 3441 898 3479 ea
918 3441 995 3502 quae,
1016 3420 1120 3480 orienti
1140 3420 1290 3502 propiora,
1311 3419 1340 3476 in

331 3523 439 3586 diurno
453 3525 543 3586 totius
556 3523 621 3584 coeli
636 3523 747 3584 circum
761 3523 882 3583 Terram
896 3534 978 3582 motu
993 3544 1069 3605 pone
1083 3522 1212 3584 veniunt.
1233 3522 1266 3580 ln
1287 3521 1342 3580 hoc

325 3647 418 3717 ⁸opere
433 3628 535 3709 saepius
551 3637 706 3687 recurrunt
721 3646 804 3686 voces
821 3629 869 3684 dul
888 3629 924 3683 τὰ
946 3629 1015 3684 αὐτὰ
1034 3634 1075 3706 τῷ
1093 3630 1183 3686 mauri
1202 3625 1240 3685 de
1260 3635 1341 3683 motu

332 3729 512 3791 occidentem
531 3749 646 3794 versus,
663 3740 690 3786 ct
705 3732 877 3786 ὑπεναντίως
891 3736 931 3806 τῷ
945 3733 1034 3788 παντὶ
1051 3729 1088 3788 de
1103 3741 1183 3789 motu
1200 3729 1342 3788 orientem

366 3869 372 3896 '
391 3869 412 3922 l,
426 3885 459 3920 rr.
472 3885 495 3932 p.
513 3869 585 3928 ῚΙι-Ίὸ
601 3865 674 3914 Batii.
