2964 4824
467 403 523 464 DE
546 402 840 464 Asruottoula.
1095 403 1156 464 285

153 556 233 602 cava
249 528 376 624 sphaera
397 531 536 598 errantis
554 532 631 597 astri
649 529 778 597 circum
797 551 892 597 axem
910 526 953 595 ad
975 526 1154 621 perpendi-

153 651 288 745 culum]
310 654 340 720 ei
358 651 505 744 planitiae
521 651 556 718 in
575 674 642 743 qua
661 662 709 718 est
726 650 827 718 etiam
850 647 995 718 circulus
1014 647 1159 718 latitudi-

154 797 236 844 nem
254 770 418 842 definiens
434 786 470 840 et
485 770 623 866 oblique
646 773 726 840 situs
744 793 820 864 erga
843 793 923 838 eum
945 771 1004 864 qui
1027 783 1077 838 est
1098 793 1160 864 per

154 897 247 989 signa
264 893 407 964 medius.
427 893 569 963 Feratur
585 893 807 962 inerrantium
822 890 951 986 sphaera
967 891 1158 972 celerrime

156 1040 209 1094 ac,
234 1015 291 1084 iila
316 1013 443 1084 tardius
466 1014 583 1107 illique
610 1015 792 1092 contrarie,
819 1037 897 1082 cava
924 1015 1001 1082 astri
1029 1015 1159 1082 erratici

156 1134 301 1230 sphera,
318 1139 364 1205 ita
377 1149 416 1204 ut
428 1134 502 1204 haec
516 1138 553 1204 iu
566 1132 716 1230 quodam
731 1131 872 1204 definito
885 1148 1041 1228 tempore
1056 1147 1161 1204 tetam

157 1259 324 1327 contrarie
337 1259 521 1326 circumeat
530 1257 754 1325 inerrantium
761 1254 938 1349 sphaeram,
949 1257 1028 1334 sive,
1040 1268 1079 1324 ut
1088 1258 1161 1350 qui-

158 1379 238 1447 dam
251 1392 404 1457 censent,
421 1401 511 1472 pone
526 1390 632 1446 totam
647 1375 859 1470 relinquatur
871 1377 962 1470 (utra
975 1389 1088 1445 autem
1106 1401 1161 1446 ve-

157 1502 228 1568 rior
239 1500 281 1568 sit
293 1501 425 1593 opinio,
441 1502 476 1567 in
489 1499 560 1567 aliis
571 1497 701 1568 dictum]
712 1497 793 1592 est);
809 1511 909 1594 atqtm
925 1496 1009 1568 ferat
1020 1497 1163 1568 solidam

157 1623 299 1690 omnino
317 1619 501 1714 sphaeram,
521 1622 557 1688 in
576 1643 643 1713 qua
666 1633 715 1689 est
737 1622 917 1689 erraticum
941 1633 1079 1690 astrum.
1100 1619 1161 1690 Su

155 1741 223 1810 lida
248 1755 361 1812 autem
389 1741 535 1836 sphaera,
562 1744 691 1810 circum
716 1736 818 1810 suuni
841 1744 944 1836 ipsius
969 1765 1065 1811 axem
1092 1765 1162 1812 sese

156 1861 365 1957 aequabiliter
389 1863 543 1943 volvens,
572 1862 614 1932 ad
642 1861 803 1932 eumdem
828 1866 930 1933 situm
956 1864 1161 1944 restituetur,

157 1984 301 2052 simiiem
325 1987 360 2052 in
385 1955 529 2054 modum
554 1987 716 2054 inerranti
742 1983 869 2067 delata3
895 1999 1014 2079 atque,
1041 1983 1163 2054 autad

159 2105 320 2174 eumdem
330 2109 432 2175 situm
442 2105 566 2175 redibit
576 2109 664 2175 intra
674 2105 766 2175 idem
775 2121 924 2201 tempus,
936 2109 971 2176 in
982 2130 1052 2201 quo
1063 2109 1164 2175 etiam

159 2251 238 2296 cava
260 2231 390 2296 erratici
412 2227 540 2322 sphaera
563 2229 786 2296 inerrantium
809 2227 974 2322 sphaeram
998 2229 1165 2299 contrarie

159 2373 229 2418 sese
253 2363 447 2418 moventem
470 2349 522 2419 vel
546 2363 650 2419 tutam
675 2352 845 2430 circumit,
870 2351 923 2420 vel
946 2373 1036 2443 pone
1059 2362 1165 2419 totam

159 2470 372 2564 relinquitur,
392 2485 450 2540 aut
464 2472 624 2552 celerius,
645 2484 702 2540 aut
719 2470 854 2540 tardius.

211 2591 416 2662 Restituatur
446 2595 596 2687 primum
630 2595 717 2661 intra
752 2592 844 2662 idem
879 2607 1034 2688 tempus3
1066 2609 1100 2662 et
1130 2597 1166 2662 in
1290 2587 1293 2594 “

160 2713 298 2807 sphaerae
314 2729 432 2784 centro
449 2716 491 2783 sit
505 2743 545 2802 μ;
562 2713 836 2810 describaturque
852 2741 870 2783 e
885 2729 1003 2784 centro
1020 2716 1052 2796 θ,
1073 2715 1167 2786 radic

161 2835 216 2920 θμ,
241 2838 385 2906 circulus
409 2831 507 2923 μλνξς
533 2851 623 2906 reeta
648 2851 761 2907 autem
784 2839 871 2906 linea
897 2866 930 2906 ευ
954 2836 1109 2932 bipartita
1132 2840 1166 2906 in

205 2999 214 3026 ⁶
236 2999 269 3062 ln
285 3000 383 3060 codice
398 3000 542 3060 ἀπλανῶν,

207 3098 216 3125 ⁹
237 3100 270 3158 lu
285 3101 383 3162 codice
397 3104 515 3183 signum
529 3105 606 3162 vocis
622 3108 750 3183 κέντρον.
767 3103 839 3164 Vide
854 3102 996 3163 Tabulam
1012 3123 1043 3172 u,
1060 3111 1090 3162 n'
1110 3126 1120 3162 1
1139 3126 1167 3186 ρ.

197 3200 218 3231 ¹⁰
239 3203 272 3261 ln
287 3205 386 3265 codice
400 3217 437 3284 τῇ
451 3212 562 3288 σφαῖρα
577 3207 653 3286 (sic).

197 3303 216 3332 ¹¹
240 3305 273 3364 ln
288 3305 399 3374 codice,
415 3319 480 3388 post
494 3309 611 3390 signum
624 3309 701 3368 vocis
713 3313 847 3392 κέντρον.
864 3311 911 3369 cui
926 3308 1008 3370 nulla
1017 3308 1115 3369 addita
1126 3323 1169 3369 eat

163 3427 247 3466 casus
257 3406 406 3478 indicatio,
422 3410 617 3491 scriptumest
632 3415 685 3486 μὲν
696 3415 731 3469 τὸ
744 3412 811 3491 (sic)
824 3414 849 3470 0.
861 3411 934 3472 Vide
946 3411 1017 3472 Tab.
1032 3431 1064 3480 Β,
1075 3419 1107 3471 n⁰
1122 3434 1132 3470 1
1149 3414 1166 3472 i.

197 3508 217 3538 ¹²
239 3509 273 3568 ln
288 3509 387 3570 codice
400 3515 442 3572 τό.

196 3611 217 3642 ¹³
238 3613 270 3672 ln
287 3613 386 3673 codice
402 3613 485 3690 μψνξ.
502 3613 560 3675 Sed
574 3616 662 3698 paulo
683 3617 759 3676 infra
777 3629 853 3677 recte
873 3617 1012 3698 scriptum
1028 3627 1071 3676 est
1086 3612 1168 3692 μλνξ,

164 3717 278 3778 Litterae
296 3715 320 3789 ψ
342 3714 415 3774 aliua
434 3727 477 3776 est
499 3739 569 3778 usus
591 3721 622 3778 in
644 3719 745 3778 eadem
766 3719 820 3778 hac
844 3719 1019 3810 geometrica
1045 3717 1170 3797 deserite

165 3819 253 3878 tione.
777 3815 779 3822 ’
