3016 4826
393 407 665 482 FRAGMENTA
688 417 1011 480 ASTRONOMICA.
1147 417 1207 480 393

203 552 285 602 vocat
298 539 373 609 dies.
389 553 418 602 et
431 541 507 610 illos,
523 563 582 602 non
597 543 627 601 in
643 541 741 611 horas.
758 541 809 602 sed
828 541 858 600 in
878 541 1096 622 wxagmimdes
1114 549 1209 622 partes

203 643 315 706 dividit.
331 643 424 706 Vellet
441 645 526 706 etiam
546 645 583 706 de
602 645 844 727 equinoctiorum
863 643 1072 726 processionis,
1088 643 1148 704 sive
1167 643 1210 702 in·

203 747 364 808 errantium
376 745 525 808 stellarum
538 746 575 808 ad
586 749 729 808 orientem
740 759 851 815 motus.
865 745 1011 808 celeritate
1021 745 1209 808 Ptolemaeum
1273 817 1279 832 .

204 850 296 934 sequi.
311 849 370 910 Sed
384 848 455 910 falso
469 849 561 911 credit
575 871 688 912 annum
702 849 819 910 dierum
834 847 895 910 365
906 851 938 926 ἦ.
953 847 1031 931 quod
1049 859 1163 932 tempus
1178 849 1210 908 in

205 953 329 1036 AEgypto
343 953 417 1015 inter
431 951 491 1014 duo
506 953 574 1014 Sirii
587 951 713 1013 heliacos
728 963 808 1012 ortus
822 949 929 1018 effluit.
944 971 1046 1010 aunam
1064 971 1126 1012 esse
1144 949 1211 1012 sida·

205 1056 305 1124 volam,
319 1054 352 1114 id
366 1067 408 1116 est
422 1057 498 1116 inter
512 1055 586 1116 duas
604 1055 679 1117 Solis
697 1076 766 1116 cum
783 1075 842 1114 una
855 1055 886 1114 in
902 1051 1034 1136 ecliptico
1049 1051 1129 1114 stella
1143 1074 1211 1115 oon·

201 1159 378 1241 junctiones.
389 1157 511 1218 Miratur
520 1179 590 1240 ergo
601 1179 713 1218 annum
723 1157 816 1226 illum,
824 1177 914 1242 quem
923 1153 1077 1217 sideralem
1086 1175 1147 1217 esee
1156 1177 1211 1220 cre

207 1261 262 1329 dit,
275 1281 353 1321 anno
364 1262 475 1344 tropico
486 1265 627 1345 majorem
641 1261 835 1322 tricentesima
847 1271 962 1320 tantum
974 1279 1038 1320 esse
1047 1257 1106 1320 diei
1117 1269 1212 1342 parte.

207 1361 280 1422 dum
294 1365 452 1424 centesima
467 1363 575 1447 gredau
589 1375 671 1446 parte
685 1364 842 1449 quotannis
856 1363 894 1424 ad
908 1363 1050 1424 orientem
1064 1359 1152 1422 stelle
1171 1361 1212 1422 in·

206 1477 334 1526 errantes
352 1468 462 1527 moveri
477 1467 630 1528 Ptolemaeo
644 1467 793 1529 dicuntur.
809 1465 977 1549 suspicatur
995 1483 1065 1546 ergo
1083 1464 1213 1526 inerran-

204 1567 280 1628 tium
300 1567 450 1630 'stellarum
469 1579 582 1630 motum
602 1569 694 1638 huno,
716 1569 833 1652 qualem
855 1566 923 1630 fecit
946 1565 1130 1634 Ptolemaeus‚
1150 1585 1213 1627 esse

199 1673 280 1754 justo
292 1671 406 1732 tersere
417 1671 594 1733 celeriorem.
609 1671 668 1733 Nec
679 1683 776 1732 tamen
789 1669 899 1754 aliquid
911 1669 966 1730 hac
976 1669 1013 1730 de
1026 1690 1058 1730 re
1069 1667 1213 1730 affirmare

204 1772 300 1834 audet.

245 1875 298 1934 st.
321 1875 355 1934 ln
372 1894 477 1938 ranrto
496 1887 597 1937 contra
616 1893 802 1944 rnaouauro,
818 1875 855 1936 de
872 1887 970 1936 motus
990 1873 1122 1959 ejusdem
1139 1871 1212 1934 cele

205 1977 302 2047 ritate,
317 1989 382 2060 post
396 1978 543 2040 Ptolemaei
557 1979 739 2061 opinionem,
755 1979 842 2038 eliam
857 1988 1013 2046 memorat,
1032 1997 1123 2062 quam
1143 1997 1212 2058 prra-

204 2077 279 2139 ferre
293 2079 415 2149 videtur,
431 2091 460 2140 et
472 2102 537 2164 qua
551 2081 588 2141 ad
601 2083 750 2142 veritatem
763 2081 857 2142 multo
873 2081 995 2164 propius
1009 2078 1120 2141 accedit
1133 2101 1139 2136 ε
1152 2076 1213 2139 htec

204 2191 249 2241 eat
259 2179 323 2250 illa,
335 2203 400 2266 qua
412 2203 446 2242 ex
458 2181 601 2246 Albatenii
614 2185 849 2246 observationum
860 2203 928 2244 cum
941 2179 1102 2266 Hipparchi
1114 2179 1213 2244 obser-

205 2283 369 2346 vationibus
391 2283 543 2347 collatione
565 2285 688 2355 elicitur,
710 2297 808 2346 motus
828 2283 906 2346 illius
923 2285 1090 2354 aestimatio,
1111 2301 1213 2346 secun·

205 2385 279 2446 dum
300 2408 389 2469 quam
408 2388 579 2470 equinoctia
599 2389 722 2472 gradum
744 2408 838 2448 unum
861 2407 920 2448 non
936 2388 1011 2448 intra
1033 2407 1091 2450 roo
1108 2407 1213 2458 annos,

205 2488 257 2550 sed
275 2489 351 2549 intra
369 2509 461 2550 annos
482 2487 535 2560 66,
555 2501 584 2551 et
609 2501 703 2552 toturn
722 2511 791 2572 argo
809 2489 952 2550 circulum
971 2490 1048 2550 intra
1068 2509 1214 2552 annorum

204 2591 297 2652 millia
315 2613 375 2653 non
391 2590 445 2662 36,
460 2592 512 2653 aed
530 2595 570 2662 alt
586 2605 714 2663 tantum,
730 2603 911 2676 percurrant.

248 2693 469 2756 Revolutionem
481 2708 577 2756 autem
593 2696 697 2756 mundi
712 2696 799 2757 totius
810 2693 1010 2778 quotidianam
1025 2697 1136 2756 circum
1147 2696 1215 2757 Ter-

205 2817 270 2856 ram
289 2796 326 2858 ab
344 2799 455 2858 oriente
471 2799 504 2858 in
523 2799 704 2860 occidentem
722 2797 786 2859 fieri
804 2797 875 2858 dicit
893 2817 978 2858 none
996 2796 1113 2880 sphaeras
1131 2800 1214 2860 astris

206 2919 315 2970 vacuae,
336 2899 462 2983 sphaeras
481 2922 583 2964 omnes
603 2902 875 2984 secumsapientis,
891 2913 983 2961 motu.
1001 2902 1115 2963 Motum
1132 2923 1214 2972 vero.

205 3021 266 3085 quo
279 3001 367 3062 atella
381 3003 541 3064 inerrantes
556 3003 593 3065 ab
607 3004 787 3088 aequ'inoctiie
806 3003 979 3071 abscedunt.
995 3001 1059 3065 fieri
1078 3003 1149 3065 dicit
1167 3027 1214 3066 oo·

208 3115 278 3164 tavae
294 3103 426 3187 sphaerae.
442 3105 537 3166 stellas
551 3105 615 3166 illas
628 3125 731 3168 omnes
745 3106 782 3167 ab
796 3127 899 3176 occasu
915 3105 952 3166 ad
966 3116 1064 3166 ortum
1079 3106 1213 3176 ferentis.

150 3265 154 3274 ,
206 3208 324 3289 proprio
336 3219 419 3268 motu
431 3234 437 3267 ι
449 3209 518 3270 etin
530 3207 586 3270 hoo
598 3229 667 3272 sane
679 3231 748 3270 cum
763 3207 934 3280 Ptolemaeo¹
948 3210 1100 3271 consentit.
1114 3210 1152 3271 At
1162 3211 1215 3270 im-

206 3309 311 3370 merito
324 3310 517 3394 Pachymeres
532 3311 613 3372 addit
626 3325 755 3374 octavam
770 3313 905 3374 eamdem
919 3312 1061 3396 spheram
1077 3322 1214 3395 praeterea

206 3413 316 3474 moveri
335 3413 460 3494 gradum
481 3436 575 3475 unum
593 3436 727 3476 occasum
748 3437 845 3477 versus
867 3417 943 3477 intra
964 3429 1083 3478 centum
1105 3435 1212 3485 annos,

206 3515 265 3574 aive
274 3514 437 3576 secundum
448 3515 518 3576 alios
528 3519 603 3578 intra
613 3540 706 3580 annos
718 3517 771 3588 66,
783 3531 811 3579 et
822 3520 863 3580 sic
872 3539 1007 3580 occasum
1018 3538 1117 3578 versus
1127 3517 1214 3578 etiam

206 3615 270 3678 fieri
289 3618 435 3700 propriam
453 3619 584 3702 ejusdem
604 3621 721 3704 sphaerae
736 3621 954 3682 revolutionem.
976 3619 1146 3682 Secundum
1162 3618 1213 3678 Pa·

242 3839 247 3865 ¹
265 3837 385 3905 Hypotltes.
401 3858 425 3906 p.
445 3843 518 3894 trs-tt
532 3841 626 3891 Halmra.
734 3841 744 3849 ⁸
831 3917 834 3927 ι
