2970 4822
474 409 530 470 DE
554 408 854 472 ASTRONOMIA.
1114 409 1172 472 lto

155 532 245 607 libus
263 535 396 630 plagis,
435 532 563 604 tardius
594 547 709 606 autem
736 531 1014 605 occidentalibus
1044 536 1174 607 contin-

154 669 275 750 gentes
294 687 301 726 ι
321 669 396 734 urm
416 658 519 728 ctiam
536 680 604 726 una
621 669 727 751 atque
745 655 865 726 eadem
884 654 991 724 Lunae
1007 651 1173 736 deiectio,

154 781 190 850 in
202 804 272 852 uno
284 775 382 850 brevi
395 793 497 875 atque
511 778 636 850 codam
646 794 804 876 ternpore
813 777 854 848 ad
869 775 977 850 finem
988 776 1171 873 perducta,

156 916 189 978 et
215 901 391 982 omnibus,
418 901 544 997 quibus
571 915 699 995 potest,
727 911 919 994 conspecta
936 901 1056 979 simul,
1081 901 1173 970 varie

155 1021 249 1115 quod
276 1021 319 1092 ad
345 1022 446 1092 horas
475 1023 596 1105 attinet
621 1035 657 1091 at
681 1045 816 1116 semper
841 1023 1009 1117 majoram
1041 1035 1174 1116 partem

154 1143 260 1238 magis
270 1146 562 1214 orientcmversus
570 1143 639 1212 sitis
648 1156 799 1239 apparet,
812 1166 932 1236 quum,
943 1142 1024 1214 Sole
1034 1156 1175 1238 propter

155 1265 404 1338 convexitatem
427 1263 635 1336 Terracnoa
662 1262 823 1334 omnibus
850 1263 952 1332 simul
977 1262 1175 1358 regionibus

154 1386 268 1456 lucam
299 1383 502 1456 infundente
530 1405 565 1455 et
590 1399 682 1456 certa
708 1387 840 1456 ratione
873 1384 989 1454 locum
1018 1398 1175 1455 mutante

154 1506 271 1578 Terrae
285 1503 424 1586 umbra,
441 1505 476 1576 id
495 1520 601 1576 noctu
619 1505 688 1577 fiat.
708 1505 857 1578 Evidena
872 1519 922 1576 est
940 1507 1078 1576 etiama
1099 1533 1174 1604 aep-

154 1628 414 1700 tentrionalibus
434 1643 468 1698 ct
489 1629 668 1724 aquiloniis
688 1628 732 1703 ad
754 1629 910 1700 australia
934 1642 967 1698 et
984 1627 1173 1699 meridiana

153 1751 267 1822 Terrae
278 1753 472 1833 convexitas
489 1782 495 1819 :
511 1754 654 1832 etenim,
671 1754 709 1820 iis
723 1754 783 1848 qui
797 1752 891 1822 illam
906 1753 1083 1846 regionem
1102 1777 1174 1822 ver·

153 1899 207 1960 sus
219 1873 412 1970 procedunt
421 1929 429 1954 ‚
437 1933 441 1946 ,
449 1873 558 1946 multa
571 1899 708 1968 semper
728 1878 995 1968 conspicatorum
1008 1871 1108 1944 nobis
1121 1899 1172 1943 as-

153 2011 286 2072 trorum
305 2000 394 2074 circa
409 1997 538 2072 alatrun
552 1998 691 2092 polum,
712 1997 796 2066 dum
812 1999 835 2065 ii
848 1996 1116 2092 progrediuntur
1130 1997 1173 2066 ad

154 2118 354 2198 meridiem,
383 2133 478 2190 ortus
505 2133 539 2189 et
564 2143 703 2190 occasus
726 2119 887 2190 babentia
910 2130 1113 2198 carnuntum
1138 2133 1174 2188 at

156 2264 277 2318 corum
295 2263 371 2335 quae
389 2245 477 2314 circa
492 2243 667 2313 occuitum
687 2241 786 2312 nobis
803 2243 919 2334 locum
938 2265 1076 2334 sempor
1090 2244 1174 2310 invi-

155 2361 263 2436 sibilia
289 2377 369 2432 sunt
392 2364 551 2457 praedam
577 2365 734 2437 similiter
758 2367 903 2436 orientia
928 2377 964 2434 ct
984 2363 1173 2433 occidentia

154 2481 314 2564 videntur
334 2514 340 2550 :
361 2487 448 2556 sicut
474 2501 508 2556 ct
537 2486 699 2557 Canobus
723 2463 817 2556 'dicta
848 2486 963 2566 stella,
998 2485 1175 2556 invisibilia

153 2603 271 2674 Terra'c
288 2606 443 2700 partibus
462 2607 574 2678 Cnido
593 2611 700 2704 magis
719 2607 762 2678 ad
781 2609 980 2702 aquilonem
998 2610 1082 2686 sitis,
1099 2611 1113 2702 j

152 2727 260 2798 videri
278 2743 391 2823 potest
409 2730 563 2824 partibus
581 2757 657 2828 quac
677 2731 735 2800 illa
753 2730 863 2799 insula
882 2733 988 2824 magis
1010 2728 1052 2798 ad
1073 2733 1173 2800 meri-

154 2849 245 2919 diem
264 2866 357 2931 sunt,
382 2866 416 2921 et
432 2856 538 2948 magis
554 2877 690 2947 semper
708 2855 746 2921 iis
765 2877 841 2948 quae
859 2849 1040 2946 magisEt
1056 2874 1172 2920 rursus

153 2974 192 3039 iis
203 2975 261 3066 qui
275 2972 317 3042 ab
328 2974 531 3044 australibus
542 2974 765 3070 ad'aquiio'nia
775 2971 1051 3068 progrediuntur,
1064 2973 1172 3042 muita

155 3118 172 3160 a
197 3106 293 3188 tergo
318 3109 419 3175 astra,
442 3123 518 3192 quae
536 3101 629 3192 prius
655 3111 748 3167 ortus
772 3111 805 3164 et
824 3121 961 3165 occasus
985 3078 1170 3174 faciehant,

155 3217 298 3285 omnino
310 3218 488 3287 invisibilia
500 3217 603 3298 fiunt,
622 3233 656 3288 et
668 3219 942 3290 similitermulta
962 3236 1082 3286 corum
1095 3241 1172 3311 quae

156 3337 244 3404 circa
265 3336 362 3407 Ursas
377 3355 474 3418 sunt,
497 3344 641 3410 orientia
657 3344 750 3434 prius
773 3356 806 3410 et
829 3339 1034 3417 occidentia,
1056 3346 1173 3431 procc-

198 3531 260 3592 ⁵ln
277 3532 377 3596 codice
392 3539 521 3595 νοτείων.
599 3578 602 3588 a
718 3568 720 3583 ·

198 3635 207 3661 ”’
228 3635 263 3694 In
278 3635 379 3697 codice
393 3641 543 3720 πρότερα..

195 3737 203 3765 ³
227 3738 261 3798 In
277 3738 377 3800 codice
391 3745 562 3802 παντάπασι
576 3747 684 3820 ἀφανῆ,

195 3839 204 3870 ⁸
227 3842 261 3900 ln
277 3841 378 3902 codice
392 3843 619 3925 παραπλησίων.
