2992 4832
350 401 411 464 &68
642 395 837 458 THEONIS
858 395 1064 457 SMYRNAEI

385 521 448 576 laria
464 518 556 574 circuli
574 537 636 573 caru
655 518 775 592 ecliptico
791 517 872 572 notice
890 537 946 572 me·

384 615 438 670 veri
449 613 532 668 voluit
538 651 939 667 ......................
984 611 1050 665 Dira.
1062 609 1086 664 iu
1099 609 1145 666 Th.
1156 611 1194 674 ii,
1206 615 1232 673 h,
1241 608 1350 667 stetit.

348 708 442 762 Taaoa
461 709 613 761 Surenam.
633 706 714 759 Luna
737 703 867 758 nodorum
890 723 946 758 ruo-

385 813 443 856 tum
455 799 537 856 cernel
551 811 577 854 et
586 799 669 854 obiter
678 799 846 852 memoravit.
858 839 865 852 .
877 838 883 852 .
896 838 902 852 .
914 839 921 852 .
933 838 939 852 .
984 797 1085 854 Diania
1097 796 1142 852 Th.
1156 799 1192 860 ii,
1206 802 1229 859 h,
1239 794 1351 852 stacte,

349 893 573 949 -Stellarum
587 893 733 948 errantium
747 891 877 948 nodorum
891 911 946 946 mo·

384 987 732 1064 tumignoraviaaevidetur.
745 1029 751 1041 .
764 1029 770 1042 .
984 985 1049 1039 Dira.
1061 986 1086 1039 a'a
1098 985 1143 1038 Th.
1154 985 1192 1048 ii,
1204 989 1230 1047 h,
1240 982 1352 1040 §tectu

346 1115 421 1126 -
435 1083 503 1138 Soiia
529 1100 626 1157 apogao
649 1092 750 1136 motum
770 1082 842 1155 juato
863 1081 946 1134 muita

384 1175 500 1230 citiorem
515 1175 606 1229 tribuit
613 1213 939 1228 ..................
984 1172 1050 1226 Diae.
1061 1172 1086 1225 iu
1098 1170 1143 1225 Th.
1154 1173 1192 1233 11,
1204 1168 1258 1232 Μ
1271 1172 1310 1224 13.

346 1271 484 1324 -Cur
500 1288 553 1323 non
571 1270 652 1323 Luna
668 1281 784 1332 tantum,
805 1269 849 1323 aed
865 1279 891 1322 et
905 1287 944 1322 er·

384 1363 499 1418 rantium
531 1361 669 1417 ateiiarum
704 1362 825 1436 apogeia.
857 1373 945 1416 mutua

383 1456 468 1509 multe
481 1456 584 1510 citiores
597 1456 689 1516 etiam,
703 1475 783 1529 quam
797 1454 874 1508 aciari
886 1473 946 1528 apo-

384 1567 445 1620 gec,
457 1548 578 1602 tribuerit
580 1585 941 1604 ....................
984 1545 1050 1600 Dus.
1062 1546 1087 1600 ia
1100 1545 1143 1600 Th.
1156 1547 1193 1607 li,
1207 1551 1237 1608 h,
1248 1544 1261 1598 S
1274 1547 1312 1600 ln.

347 1643 511 1698 -Lunae
531 1653 557 1696 et
574 1641 708 1696 stellarum
728 1642 872 1696 errantium
893 1661 947 1696 mo·

385 1747 441 1791 tum
455 1737 482 1789 in
498 1735 663 1790 latitudinem
677 1746 760 1789 totum
773 1734 889 1810 deserenti
898 1737 946 1791 eir-

385 1829 445 1884 cnio
456 1828 559 1892 tribuit,
572 1838 598 1883 et
608 1828 707 1883 nuliam
716 1830 772 1902 ejua
782 1839 883 1904 partem
895 1830 947 1903 epi·
1051 1895 1055 1902 ι

385 1922 457 1995 cyclo
464 1961 940 1976 ..........................
983 1923 1050 1976 Dira.
1060 1923 1085 1976 ia
1098 1923 1141 1978 Th.
1154 1924 1190 1987 ii,
1204 1929 1234 1987 h,
1251 1923 1319 1988 §153
1329 1923 1351 1974 in

1024 2015 1067 2072 Th.
1078 2039 1093 2070 ιι
1103 2035 1136 2073 aa
1145 2029 1172 2072 et
1184 2039 1208 2072 ιι.
1220 2036 1264 2074 aa.

348 2139 423 2150 --
432 2110 530 2164 medita
543 2120 672 2164 mucram
688 2111 830 2164 errantium
841 2128 855 2164 a
866 2111 945 2165 Terra

385 2203 519 2258 distantiae
532 2204 559 2256 in
574 2202 671 2258 zodiaci
684 2204 790 2278 punctis
799 2214 891 2276 quarta
900 2207 946 2259 cir·

385 2297 438 2351 culi
458 2308 532 2370 parte
552 2296 585 2350 ab
609 2315 707 2372 apogeu
729 2297 896 2362 diatrnhbna,
920 2311 946 2352 et

384 2390 484 2446 medias
502 2408 593 2444 ennam
612 2409 626 2444 e
644 2392 725 2445 Terra
738 2403 890 2465 apparenter
903 2412 945 2447 ce·

384 2485 500 2539 ieritatea
520 2485 547 2537 in
566 2485 705 2539 excentrici
727 2484 767 2538 vel
790 2486 898 2559 epicycii
921 2499 946 2541 et

385 2576 545 2632 concentrici
552 2578 673 2659 acetaria,
687 2578 844 2650 geometrico
856 2597 945 2634 errore

385 2671 498 2746 duplici,
513 2671 600 2746 potuit
602 2710 939 2726 ...................
982 2674 1048 2728 Dias.
1060 2675 1083 2727 ιἰι
1097 2674 1140 2728 Th.
1154 2675 1190 2737 ΙΙ,
1204 2680 1234 2736 t.
1245 2674 1260 2728 S
1268 2677 1315 2739 213
1328 2683 1351 2726 et

1020 2767 1185 2824 ustam

347 2887 423 2899 -—
444 2857 632 2912 mathematicis
667 2857 835 2931 Philosophus
865 2856 945 2910 duces

384 2950 637 3024 preserena‚'ateliaa
650 2961 767 3005 errantes
785 2951 812 3004 in
832 2951 944 3024 epicycio

384 3044 545 3101 occidentem
564 3063 653 3099 veram
666 3045 763 3099 moveri
778 3045 900 3100 maluit..
914 3085 919 3096 .
933 3085 938 3096 ·
983 3051 1047 3104 Dias.
1060 3050 1084 3102 in
1097 3049 1140 3103 Th.
1157 3051 1193 3110 11,
1211 3059 1240 3112 h,
1256 3049 1269 3103 S
1286 3051 1316 3104 15
1329 3060 1351 3101 et

1019 3146 1051 3198 Ti
1064 3168 1070 3208 ;
1082 3145 1105 3197 itt
1116 3143 1159 3197 Th.
1172 3165 1194 3199 n.
1206 3161 1235 3198 Π.

267 3255 269 3266 ¹
347 3265 422 3274 --
441 3232 536 3286 frustra
562 3232 673 3287 credidit
695 3235 840 3288 excentrico
866 3235 942 3287 ctiam

385 3325 492 3388 circuio,
504 3326 560 3380 aine
568 3325 691 3399 epicyclo‚
702 3325 770 3380 effici
778 3345 851 3400 purae
859 3326 943 3380 ateila-

386 3438 446 3472 rum
456 3419 598 3473 errantium
607 3431 700 3482 motus,
711 3421 801 3494 quaiea
809 3432 942 3495 apparent.
982 3426 1046 3479 Dias.
1058 3426 1082 3478 ia
1094 3424 1138 3478 Th.
1150 3427 1189 3489 ΙΙ,
1199 3431 1228 3487 h,
1238 3425 1251 3480 S
1265 3427 1306 3488 15,
1318 3425 1348 3476 2⁰

1018 3521 1103 3583 et213
1118 3519 1140 3571 ιἰι
1156 3517 1200 3573 Th
1213 3539 1236 3573 a.
1249 3538 1280 3573 ιι.

348 3639 423 3650 -—-
440 3607 521 3662 Lunae
538 3618 564 3662 et
576 3609 710 3663 ateiiarum
726 3611 869 3664 errantium
884 3629 943 3684 apc-

385 3719 494 3773 gecrum
511 3713 611 3756 motum
631 3705 775 3758 excentrica
792 3704 892 3759 circuio
904 3725 944 3758 cx-

336 3793 342 3804 '
385 3795 474 3870 plicari
486 3815 560 3869 poaae
573 3799 703 3870 quomodo
717 3798 881 3854 catenderit..
894 3840 899 3851 .
913 3840 918 3852 .
931 3841 937 3852 .
982 3802 1046 3856 Dira.
1059 3800 1082 3853 in
1096 3800 1139 3854 Th.
1151 3803 1190 3864 11,
1203 3807 1231 3865 h,
1242 3801 1255 3856 S
1268 3804 1308 3855 lh.
