2958 4824
483 413 539 478 DE
561 411 857 478 ASWRONOMIA.
1110 413 1172 477 209

168 544 220 611 nit
244 534 418 621 Adrastus,
442 565 483 612 eo
507 555 545 612 ut
567 539 705 614 euidens
722 537 781 610 fiat
799 537 985 614 differentia
1007 539 1172 637 hypothe-

167 685 269 741 seon,
285 679 363 732 cum
381 659 505 758 quibus
522 662 746 757 phaenomena
763 676 966 756 congruunt.

577 870 675 927 [CAPUT
690 871 767 928 nil.)

169 983 210 1032 nn
227 959 370 1032 uunnnsr
387 982 596 1035 onorunnonn
619 983 659 1031 nr
679 979 721 1032 nn
739 981 932 1033 courusronn
955 983 1045 1034 uror
1061 983 1174 1034 suurn.

221 1144 403 1218 Dicitvero
412 1144 582 1215 mundum
592 1159 719 1226 totum,
734 1167 843 1240 quum
852 1143 926 1214 talis
935 1147 977 1214 sit
989 1157 1089 1240 etque
1102 1158 1178 1215 etot
1219 1221 1223 1232 ,

171 1280 204 1336 et
218 1265 341 1336 talibus
356 1268 579 1360 compositus,
601 1280 686 1360 quot
701 1279 738 1335 et
756 1265 868 1362 quoiia
887 1267 1176 1346 enumeravimus,

171 1401 416 1482 moventurque
434 1400 531 1456 motu
548 1386 703 1456 circulari
724 1400 758 1456 et
778 1385 949 1480 sphaericae
966 1383 1086 1458 formae
1103 1407 1179 1480 pro

170 1511 261 1602 prio,
271 1509 294 1577 'a
302 1509 400 1603 pomo
411 1509 541 1578 moveri
555 1537 561 1575 :
574 1509 736 1603 quocirca¹
743 1509 846 1576 etiam
857 1519 991 1599 perotus
1001 1520 1051 1598 est
1057 1507 1179 1602 optimi

172 1644 206 1699 et
220 1630 486 1723 praestantissimi
506 1651 615 1698 cause.
637 1625 705 1696 Sed
728 1625 770 1696 ed
791 1630 954 1722 temporis
972 1627 1179 1698 numeratio

67 1771 68 1774 ’
171 1775 251 1820 nem
265 1763 299 1820 et
312 1743 534 1820 minimorum
550 1749 844 1844 maximarumque
859 1773 878 1818 a
892 1747 998 1820 Terra
1012 1747 1180 1819 distantio-

170 1893 248 1940 rum
256 1873 479 1941 mutationem
486 1868 592 1939 iactus
601 1883 650 1939 est
658 1874 881 1942 erraticorum
888 1883 1055 1940 astrorum
1065 1883 1179 1941 motus

171 1993 633 2086 itovariejamcompositus,
645 1989 1026 2086 utiliumscqucrentur
1038 2015 1113 2085 quae
1125 1989 1181 2060 hic

172 2110 270 2182 fiunt.
288 2111 424 2182 Etenim
441 2112 582 2182 iliorum
601 2111 880 2182 conversionibus
895 2113 1105 2184 venientium
1123 2126 1182 2181 eut

173 2232 372 2302 abeuntium
390 2234 492 2302 simui
509 2235 611 2306 eoam
630 2245 807 2302 mutantur
829 2255 905 2326 quae
927 2231 983 2302 hic
1004 2228 1092 2301 fiunt
1110 2253 1182 2301 om-

174 2353 327 2424 nimodo.
344 2353 429 2424 Nam
444 2356 668 2424 inerrantium
684 2353 874 2448 simplexcc
891 2374 980 2424 unus
994 2367 1107 2424 motus
1122 2357 1182 2424 oir-

175 2477 309 2555 cularis,
323 2473 497 2544 ordinatus
508 2488 542 2544 et
552 2473 884 2570 semperaequabiiis3
896 2475 1040 2546 aliorum
1049 2489 1178 2556 autem,

174 2595 209 2665 id
218 2610 267 2666 est
275 2599 495 2666 erraticorum
505 2637 514 2676 ,-
526 2595 695 2666 circularis
705 2595 860 2690 quidem,
873 2619 937 2666 neo
946 2619 1029 2666 vero
1039 2597 1182 2690 simpieu

175 2729 232 2785 aut
248 2743 350 2798 unus,
371 2741 436 2786 nec
452 2741 587 2810 semper
603 2717 739 2812 aequalis
758 2730 792 2786 et
806 2715 990 2788 ordinatus.
1011 2715 1077 2790 Sed
1095 2715 1181 2787 iniiu

175 2837 327 2919 Lunam·
341 2841 428 2910 circo
444 2863 505 2909 nos
518 2853 555 2909 et
569 2863 675 2933 usquc
690 2838 732 2908 ad
748 2861 825 2918 nos,
847 2841 956 2908 omnis
972 2852 1021 2908 est
1039 2840 1180 2909 mutatio

176 2963 354 3056 omnisque
372 2973 503 3040 motus,
523 2977 570 3039 et,
591 2974 630 3030 ut
646 2959 702 3030 ilie
721 2959 817 3039 dicit,

185 3071 187 3075 ³
260 3097 304 3158 lbi
317 3097 428 3158 Invidia
441 3096 598 3179 Gadesque
612 3108 641 3156 et
654 3107 816 3158 ceterorum
831 3115 937 3178 genero
952 3095 1100 3162 Fatorum.

220 3309 230 3337 ⁶
251 3311 284 3370 ln
299 3311 397 3372 codice
411 3312 555 3372 ἀπλανῶν.

221 3410 230 3438 ⁷
253 3412 359 3474 Versus
367 3413 427 3481 hic,
440 3414 581 3475 eThcone
589 3425 699 3496 eiquea
710 3415 813 3476 Proolo
826 3415 872 3495 (ln
881 3415 986 3500 Cratyl.
1002 3415 1111 3512 12:103)
1122 3416 1184 3475 sine

179 3515 303 3576 auctoris
315 3517 434 3578 nomine
449 3515 564 3585 allatus.
579 3515 763 3599 Empedoclis
778 3528 833 3585 est,
851 3517 986 3589 renibus,
1002 3529 1104 3600 proter
1117 3517 1183 3576 Pro·

57 3665 59 3667 .
179 3615 259 3676 cium
273 3615 330 3678 elio
343 3617 408 3678 loco
422 3618 545 3698 (Gomm.
560 3619 588 3678 in
601 3617 694 3701 Remp.
711 3617 799 3687 incd.‚
813 3621 843 3680 in
855 3621 923 3684 Maii
935 3619 1024 3681 Closs:
1034 3631 1107 3681 auct.
1123 3629 1143 3678 t.
1156 3619 1183 3686 1,

179 3739 207 3800 pf.
224 3717 314 3798 363),
332 3719 466 3780 Hierocle
480 3719 599 3800 (innon
619 3721 709 3782 cam.
726 3743 754 3804 p.
773 3721 830 3784 186
846 3722 891 3783 ed.
908 3721 1074 3801 Noedh‘em)
1091 3731 1121 3782 et
1134 3719 1185 3802 sy-

179 3821 261 3882 nesio
275 3821 334 3902 (De
345 3821 456 3882 Prooid.
470 3822 497 3892 1,
510 3845 538 3905 p.
552 3823 592 3904 89
605 3843 637 3891 o,
648 3836 677 3884 et
690 3823 741 3904 Ep.
762 3824 833 3892 148,
849 3839 877 3905 pn>
896 3823 981 3904 283),
996 3841 1123 3906 quorum
1138 3821 1186 3881 hic

1003 3944 1036 3996 lll
