2988 4826
340 426 381 486 50
635 417 827 481 THEONIS
847 415 1052 480 sternte!

380 545 599 612 ¹Anaximenes
609 542 734 610 ibidem
745 541 863 612 dicitur
875 541 1057 608 intellexisse
1068 544 1183 630 primus
1198 541 1321 610 buttem
1334 567 1358 611 a

335 659 405 726 Sela
418 659 517 726 lumen
529 657 654 731 labore,
665 669 769 743 atquc
780 659 821 720 ait
830 653 923 722 bano
934 653 1066 744 dasoctm
1080 677 1172 722 cauto
1185 679 1195 720 .·
1207 657 1297 744 quod
1310 658 1355 726 de

337 770 536 838 Anaximene
546 790 660 837 verum
676 789 743 836 esse
759 777 878 857 potest3
895 766 1038 835 dotem
1049 767 1139 833 enim
1153 769 1265 836 solaris
1276 791 1352 838 mu.
1479 753 1480 808 f

336 907 420 959 sam,
439 884 539 972 magis
553 881 698 956 obviam,
715 882 833 948 Thales
844 882 915 970 jam
931 892 1024 947 antea
1039 891 1249 970 perspexerat.

383 999 566 1087 OEnopides
589 993 712 1064 ibidem
731 996 854 1062 dicitur
870 999 990 1062 zodiaci
1010 999 1176 1060 cincturam
1203 999 1353 1062 iunctim

334 1117 455 1199 punina.
474 1110 557 1179 ΑΙΙΙ1
581 1109 691 1176 minus
712 1123 796 1176 recte
818 1109 932 1174 dicunt
956 1129 1032 1174 eum
1054 1108 1213 1174 invenisse
1229 1108 1352 1174 zodiaci

333 1225 555 1313 obliquitatem
581 1251 588 1289 ε
613 1225 702 1311 quod
727 1223 871 1288 Plinius²
898 1219 1152 1294 Anaximandro,
1175 1221 1352 1288 nonnulli³
1479 1219 1480 1222 ’

333 1337 518 1424 Pythagorae
534 1337 698 1408 tribuunt,
717 1357 781 1399 non
806 1334 952 1419 ignotum
973 1331 1080 1398 tamam
1105 1334 1202 1400 etiam
1222 1335 1351 1401 Tbaleti

333 1446 430 1530 luisse
447 1447 615 1513 zodiacum
627 1447 852 1512 existimantes.
866 1445 930 1512 Sed
948 1447 1113 1512 zodiacum
1129 1467 1225 1514 nemo
1236 1469 1351 1536 cogne

332 1559 551 1647 soerepotnit,
564 1559 711 1646 quicum
725 1559 766 1624 ab
778 1559 930 1646 aquilone
945 1559 987 1626 ad
999 1571 1144 1626 austrum
1155 1559 1351 1628 inclinatum

333 1695 401 1738 esse
415 1672 617 1760 ignoraverit.
636 1673 740 1738 Immo
756 1694 848 1744 vero,
865 1673 923 1760 qui
938 1673 980 1739 de
997 1673 1126 1740 zodiaco
1139 1673 1286 1740 nondum
1302 1695 1351 1742 eo

332 1785 465 1872 gitabat,
479 1784 653 1850 Hesiodusl
665 1785 784 1850 sciebat
795 1785 902 1851 hieme
914 1785 1023 1852 Solem
1036 1786 1137 1873 magis
1150 1786 1191 1852 ad
1203 1798 1351 1853 austrum

333 1899 465 1965 moveri.
483 1897 636 1987 Superest
650 1919 725 1985 ergo
742 1909 778 1964 ut
794 1897 956 1986 prioribus
974 1897 1045 1986 jam
1061 1895 1260 1965 observatam
1276 1899 1350 1964 coeli

333 2022 447 2078 zonam
460 2011 550 2078 illam
562 2010 679 2076 mundi
688 2009 739 2075 axi
751 2010 934 2098 obliquam,
948 2011 1033 2076 intra
1045 2030 1145 2099 quam
1152 2012 1206 2078 Sol
1214 2023 1246 2078 et
1255 2013 1350 2078 Luna

330 2137 511 2199 moventur,
535 2123 661 2213 primus
682 2135 739 2188 aut
759 2123 844 2190 inter
864 2123 986 2212 primos
1007 2123 1143 2189 delinire
1160 2136 1290 2190 conatus
1306 2125 1350 2192 sit

331 2236 516 2326 OEnopides
534 2249 566 2301 et
581 2251 639 2303 τῶν
654 2241 761 2310 (elluo
773 2242 883 2304 κύκλον
894 2233 1109 2324 appellaverit.
1124 2235 1161 2300 ld
1177 2248 1285 2302 autem
1295 2257 1349 2324 op

330 2349 410 2416 time
421 2350 569 2438 congruit
575 2373 654 2415 cum
661 2350 716 2423 iis,
728 2371 800 2438 qnae
808 2349 849 2416 de
862 2348 982 2415 zodiaci
989 2347 1153 2436 signorum
1161 2349 1249 2438 apud
1260 2349 1346 2414 Grae

330 2481 384 2534 coe
401 2462 539 2550 origine,
558 2463 747 2528 assentiente
763 2462 939 2527 maximam
955 2473 1080 2549 partem
1091 2461 1229 2538 Idelero,
1243 2461 1348 2550 dispu-

331 2574 408 2641 tavit
423 2575 473 2640 vir
487 2575 689 2641 doctissimus
701 2574 922 2648 Leuconiust
936 2586 1077 2640 statuens
1088 2574 1232 2641 siderum
1243 2575 1278 2640 in
1290 2575 1349 2642 illa

331 2677 410 2756 zona
427 2688 558 2754 nomine
574 2689 802 2777 insignitarum
819 2687 906 2776 apud
921 2687 1047 2754 Graecos
1059 2711 1234 2754 nnmerum
1249 2689 1348 2778 paulo

331 2810 404 2864 ante
416 2799 593 2888 OEnopidae
610 2813 756 2889 tempora
772 2800 813 2864 ad
831 2799 982 2866 undecim
999 2801 1188 2874 excrevisse,
1206 2821 1348 2888 quorum

331 2909 442 2978 decem
460 2911 686 2979 duodecimam
702 2911 769 2978 fere
786 2913 911 3000 singula
925 2913 994 3000 ejus
1006 2934 1093 2978 zonae
1104 2924 1243 3002 partem,
1257 2913 1348 2980 Scor-

252 3051 254 3060 ·
330 3023 403 3111 pius
415 3036 524 3090 autem
541 3047 616 3090 cum
630 3025 738 3091 Chelis
755 3025 914 3112 reliquam
931 3037 1051 3092 sextam
1067 3037 1207 3112 partem,
1226 3025 1347 3092 obtine

371 3265 379 3294 ¹
395 3261 461 3316 Vide
470 3261 616 3316 Diodorum
623 3263 687 3324 s.1‚
698 3263 748 3332 9⁸³
758 3263 781 3316 l.
792 3261 936 3327 stubam,
948 3263 1001 3318 bet
1009 3262 1080 3338 plys.
1093 3265 1119 3328 Ι,
1135 3269 1182 3329 als
1192 3263 1348 3340 poc-Pluma

333 3353 423 3417 chum,
432 3355 466 3417 ΙΙ,
479 3374 521 3418 123
529 3353 724 3428 pstlalenum,
735 3358 913 3422 o.xr.11‚t.lV‚
920 3376 947 3431 p.
955 3356 1258 3432 tblGaleniOpedgr.
1266 3359 1346 3414 Besil.

370 3449 381 3482 s

370 3490 380 3572 l
400 3448 471 3596 llil?
477 3447 660 3608 ldltobaum
674 3542 912 3617 lte-Plutarchum,
926 3553 953 3598 et
964 3541 1161 3616 ps.·Galenum,
1174 3545 1203 3600 ll.
1217 3565 1255 3601 cc.

369 3635 389 3667 ‘⁴
401 3633 656 3710 Opcnuetdicrnm,
666 3654 692 3691 v.
707 3639 770 3709 527.
784 3636 828 3692 cf.
838 3657 861 3691 r.
874 3639 929 3696 56t
939 3637 1038 3692 etbbd.

370 3733 379 3763 ⁶
399 3729 432 3786 ln
449 3727 533 3786 diario
547 3726 653 3782 Journal
664 3725 706 3782 dos
718 3728 837 3789 Sauone,
849 3747 920 3784 anae
940 3729 1022 3800 1839,
1041 3731 1175 3791 mensibus
1192 3743 1302 3806 augurato
1321 3745 1347 3786 et

331 3823 482 3896 septembri.
