2964 4824
350 335 355 370 Ι

465 457 520 518 DE
545 455 839 518 nsrnottottta.
1096 457 1155 516 317

150 597 236 663 tem,
249 595 373 677 quanta
384 582 487 666 Lunae
499 583 699 676 interpositu
710 594 851 676 tegetur.
866 579 925 650 Sin
938 583 1158 650 intermestris

151 706 259 774 coitus
278 727 348 773 non
364 705 399 771 in
415 699 579 791 συνδέσμῳ
596 701 667 783 fiat,
685 701 744 772 sed
760 705 796 771 in
812 701 935 772 eodem
950 701 1089 798 quidem
1108 725 1160 771 zo

153 822 580 920 diaoi‘iongitudinisgradu
589 881 596 906 ,
606 824 881 896 latitudinisvero
891 847 961 894 non
971 825 1006 894 in
1019 823 1158 904 eodem,

152 951 197 1017 ita
213 961 251 1016 ut
268 960 436 1016 astrorum
454 969 564 1019 unum
583 949 687 1043 magis
711 947 752 1018 ad
771 948 993 1043 aquilonem,
1017 947 1160 1017 alterum

121 1131 124 1136 ,
153 1071 257 1163 magis
275 1067 318 1138 ad
336 1081 488 1138 austrum
507 1083 680 1163 appareat,
700 1069 774 1150 Sol,
793 1083 911 1163 utpote
928 1091 999 1139 non
1016 1069 1162 1140 occulta-

153 1202 221 1270 tus,
239 1186 385 1268 deficere
404 1211 474 1258 non
493 1187 673 1260 videbitur.

553 1343 653 1400 [orror
668 1343 771 1400 xxxin]

179 1437 221 1486 ott
239 1438 326 1488 toltit
345 1439 488 1488 DEFECTU
507 1438 560 1503 [ET
577 1439 618 1488 DE
636 1437 850 1488 maurimonte
868 1435 954 1487 SOLIS
972 1437 1012 1484 tr
1028 1435 1116 1484 LUNAE
1124 1437 1140 1500 1.

206 1551 258 1622 De
285 1553 380 1622 Luna
406 1567 518 1624 autem
542 1557 588 1624 sic
610 1551 718 1624 ferme
742 1552 910 1623 evidentia
934 1550 1007 1621 steri
1029 1566 1163 1646 potest:

154 1699 241 1770 saepe
257 1678 349 1744 enim
366 1701 441 1746 eam
457 1673 617 1756 deiicere,
633 1673 810 1772 siquando
826 1677 860 1744 in
875 1671 1036 1744 umbram
1052 1671 1167 1742 Terrae

155 1795 324 1876 inciderit,
348 1797 471 1894 liquet,
497 1810 536 1866 ut
553 1800 626 1894 jam
647 1796 777 1868 dictum
804 1809 868 1888 est3
887 1795 1067 1892 quomodo
1087 1821 1167 1866 vero

156 1941 226 1987 non
245 1919 381 2012 singuiis
394 1917 568 1988 mensibus
583 1917 616 1988 id
631 1917 702 1998 fiat,
720 1916 983 1990 ostendendum.

208 2036 382 2126 Quoniam
396 2055 488 2110 reeta
504 2041 746 2110 illustrantinm
765 2061 950 2132 corporum
967 2035 1052 2108 radii
1071 2051 1105 2106 et
1122 2039 1169 2106 lu-

156 2161 250 2228 mina
260 2135 472 2241 emittuntur,
481 2162 604 2256 quibus
615 2159 722 2232 ferme
734 2163 904 2230 continuae
915 2173 949 2228 et
960 2157 1169 2230 adhaerentes

157 2295 236 2350 sunt
247 2281 394 2364 umbrae,
408 2281 546 2378 quando
557 2308 652 2378 aequa
664 2285 753 2352 inter
770 2307 804 2352 se
820 2295 898 2350 sunt
913 2281 1082 2352 illustrans
1098 2305 1168 2352 cor-

156 2428 220 2498 pus
236 2416 270 2474 et
284 2404 377 2500 quod
393 2404 552 2476 umbram
573 2407 696 2474 emittit
716 2429 755 2474 ao
771 2401 933 2498 sphaerica
950 2417 1028 2474 sunt
1045 2402 1166 2486 amb0,

158 2539 231 2596 tum
248 2525 430 2622 cylindrioa
449 2541 498 2596 est
519 2525 641 2598 umbra
660 2539 695 2595 et
714 2527 750 2594 in
768 2521 940 2595 infinitum
962 2529 1165 2621 pertingens.

158 2645 223 2727 Sit,
233 2646 327 2717 verbi
337 2651 455 2743 gratia,
471 2671 593 2742 corpus
606 2648 775 2718 illustrans
785 2647 840 2727 ας,
856 2649 1072 2742 intercipiens
1086 2666 1167 2720 vero

158 2764 210 2858 γὸ,
218 2793 314 2864 aequa
325 2773 413 2840 inter
423 2797 457 2840 se
469 2796 507 2840 ac
517 2769 677 2866 sphaerica
687 2801 693 2840 :
702 2771 832 2840 clarum
844 2785 893 2840 est
903 2794 993 2866 ergo,
1006 2795 1114 2866 quum
1125 2801 1167 2863 ay

160 2903 194 2958 et
211 2887 251 2958 63
260 2889 343 2960 radii
359 2906 450 2962 recta
466 2896 676 2972 emittantur,
690 2894 853 2987 quoniam
869 2891 911 2962 ας
919 2907 953 2962 et
962 2889 1006 2982 γὸ
1014 2891 1168 2964 diametri

160 3037 265 3106 aequae
275 3029 353 3084 sunt
362 3017 452 3086 inter
461 3041 496 3086 se
509 3030 543 3084 et
554 3016 595 3086 ad
605 3013 890 3110 perpendiculum
896 3012 1166 3104 lineisoyeetssiZ,

204 3156 213 3184 ⁵
235 3158 267 3217 ln
284 3159 382 3220 codice
396 3165 514 3240 γίνεται.

204 3259 213 3287 ⁸
236 3261 269 3321 In
284 3263 384 3324 codice
398 3265 589 3341 ἑμπίπῦουσα.

204 3361 214 3390 ⁷
236 3363 268 3423 ln
284 3365 382 3426 codice
396 3380 439 3427 est
453 3389 507 3428 vox
525 3367 775 3450 ωροσλαμέάνων.
797 3389 861 3450 quae
874 3368 927 3428 ¹hic
947 3367 1020 3428 nihil
1040 3368 1077 3428 ad
1098 3390 1168 3430 rem.

161 3465 205 3526 De
221 3486 309 3527 sensu
323 3470 401 3528 vocis
415 3469 638 3552 ωρολαμέάνον,
655 3469 720 3530 vide
736 3469 841 3530 Notum
855 3489 902 3530 nn.

204 3565 214 3594 ⁸
236 3569 269 3628 ln
284 3569 383 3630 codice
398 3570 437 3630 εδ.

205 3669 215 3699 ⁹
237 3671 271 3731 ln
286 3671 385 3732 codice
399 3676 611 3751 ἐμπιπθουσῶν.
628 3675 686 3736 Sed
701 3677 746 3736 bis
761 3676 836 3736 infra
851 3688 926 3736 recte
941 3677 1128 3736 ἐκπΜονσα.

197 3772 218 3802 ¹⁰
241 3775 298 3836 Pro
312 3776 430 3838 vocibus
446 3782 577 3862 ἑκάτεραι
589 3785 643 3858 μὲν
652 3782 717 3848 οὗν,
731 3801 803 3862 quas
814 3801 884 3840 sane
894 3780 1046 3862 scripserat
1055 3777 1172 3848 Theon,

163 3877 215 3938 sed
237 3895 309 3960 quas
331 3878 467 3942 librarius
488 3883 517 3941 in
541 3882 711 3965 exemplari,
734 3883 813 3964 quod
835 3881 1055 3949 transcribebat,
1076 3879 1173 3963 legere

909 4135 923 4176 P

1256 2683 1305 2726 vioe

1202 2741 1294 2798 ‹irsrript
1306 2739 1361 2782 Xlll.
