2970 4822
324 431 364 493 88
616 429 809 492 THEONIS
829 428 1038 494 sittnNAEI

322 551 436 642 plicio¹
449 551 682 626 miratue,aiibi
694 575 854 642 nmquam
865 552 1003 620 inveniri
1012 551 1172 620 ldelerue²
1184 553 1342 620 credidit.

323 663 388 730 Sed
408 674 523 753 praeter
537 663 743 754 Simplicium
763 677 795 732 et
815 665 984 732 Theonem
1002 665 1222 754 Smyrnaeum,
1243 666 1344 733 idem

323 773 440 864 legitur
451 777 547 843 etiam
563 777 650 866 apud
660 777 840 844 Diodorum
855 777 1024 846 Siculum³
1037 779 1290 868 Hyginumque⁴
1304 789 1345 843 et

324 887 359 953 in
379 911 500 978 papyro
521 889 730 958 astronomica
750 891 842 979 cujun
862 891 975 957 notitia
991 891 1173 957 doctissimo
1189 891 1258 956 viro
1278 891 1344 956 Le

324 1001 452 1068 tronnio
464 1002 599 1070 debetur
608 1003 631 1078 ⁵,
642 1027 702 1070 nec
711 1027 785 1071 vero
797 1003 885 1092 apud
894 1003 1135 1078 Chalcidiumt,
1147 1003 1345 1092 qui,totum

324 1113 386 1182 hoc
399 1116 539 1184 Theonis
551 1115 747 1184 detonantia
763 1128 861 1208 caput
874 1115 972 1184 latine
987 1127 1127 1190 vertens,
1143 1117 1178 1183 id
1192 1115 1313 1182 omieit.

802 1297 860 1354 57.

649 1429 683 1466 DE
703 1429 888 1467 mutuumve
907 1429 1018 1466 mtnre.

239 1595 246 1610 ·
375 1559 412 1624 ln
428 1559 550 1648 nsque
566 1560 608 1626 aa
623 1560 914 1632 serranorum
930 1571 1088 1650 spectant,
1101 1561 1221 1634 rotor,
1235 1559 1344 1649 poue

330 1671 483 1760 sophicis,
501 1683 538 1738 ut
554 1672 695 1747 videturss
713 1673 918 1762 opinionibus
935 1673 1151 1762 mancipatus,
1168 1672 1248 1739 duas
1262 1672 1344 1760 Hip
1454 1656 1463 1718 ἶ

269 1801 272 1807 ’
330 1785 442 1874 parchi
463 1785 693 1852 observationes
715 1787 808 1853 tacite
827 1787 940 1874 rejicit.
962 1788 1060 1874 Negat
1079 1785 1168 1852 enim
1186 1785 1288 1850 ullam
1305 1784 1341 1848 in

332 1899 378 1964 eia
393 1897 578 1987 corporibus
593 1899 803 1966 mutationem
818 1899 924 1974 cerui,
937 1911 969 1966 et
981 1899 1086 1964 ullum
1098 1897 1200 1963 alium
1215 1896 1343 1962 eie-esse
1455 1900 1459 1971 ξ

332 2021 472 2085 motum,
489 2022 603 2100 praeter
620 2033 696 2078 eum
717 2034 781 2100 quo
797 2012 881 2078 circa
896 2014 1030 2078 Terram
1046 2006 1207 2098 quotidie,
1230 2018 1343 2095 utpote
1456 2072 1460 2097 Ι

333 2124 410 2190 coeio
425 2123 538 2197 infixa,
556 2122 736 2190 volvuntur.
752 2125 888 2214 Nempe,
901 2123 1007 2212 primo
1022 2121 1169 2210 quidem,
1187 2119 1228 2188 de
1245 2129 1343 2184 astro·
1457 2116 1461 2139 '

333 2259 408 2302 rum
424 2235 637 2302 inerrantium
655 2237 865 2324 perpetuitate
882 2247 914 2302 et
933 2233 1206 2308 immutabilitate,
1226 2229 1345 2301 Aristo

334 2347 425 2414 telis⁷
440 2347 618 2414 doctrinam
630 2349 720 2436 sequi
729 2349 860 2424 maluit,
878 2361 978 2436 quam
993 2345 1188 2436 Hipparchi⁸
1200 2345 1345 2412 ohserva-
1458 2402 1462 2424 ,

334 2460 414 2526 tioni
431 2460 472 2526 de
487 2455 586 2526 atelloe
601 2460 698 2527 unius
714 2483 795 2528 nova
809 2461 1011 2548 generatione
1027 2460 1166 2526 credere.
1180 2457 1345 2524 heodem
1459 2459 1462 2532 ‘t

374 2611 382 2642 ¹
403 2607 440 2661 Dc
453 2605 526 2671 colo,
539 2608 577 2674 ΙΙ,
590 2627 617 2683 p.
631 2611 685 2680 [199
700 2609 727 2671 b,
740 2608 759 2663 i.
775 2627 806 2662 21
823 2607 966 2670 Brundisii,
979 2608 1007 2660 in
1022 2607 1127 2662 Aristot.
1139 2605 1189 2680 Op.
1202 2603 1244 2660 cd·
1257 2605 1344 2660 Berol.

336 2713 353 2754 t.
364 2702 412 2757 tv.
424 2701 482 2756 Hoc
494 2701 566 2756 deest
577 2701 607 2755 in
618 2701 714 2756 Aldino
727 2711 811 2765 textu,
824 2701 871 2775 qui
884 2701 1014 2776 genuinus
1026 2719 1080 2754 non
1094 2710 1141 2755 eet.
1459 2705 1462 2732 Ι

373 2797 384 2829 ¹
406 2793 483 2866 [leber
498 2792 632 2857 Eudorus,
647 2793 680 2848 π’·
693 2792 853 2867 Vorlerung,
869 2793 895 2847 in
913 2794 1002 2851 Comen.
1021 2792 1102 2848 Berol.
1115 2791 1207 2852 Sciant.
1221 2787 1292 2846 acad.
1310 2789 1346 2844 ad
1461 2817 1463 2894 ,

337 2905 435 2942 annum
453 2887 537 2952 1830,
549 2907 576 2962 p.
588 2889 632 2960 87,
642 2887 671 2943 in
684 2897 744 2946 uota
755 2909 762 2942 z
775 2886 847 2940 Dicor
856 2886 929 2942 Notiz
940 2886 1003 2942 stein
1013 2904 1079 2962 ponc
1088 2884 1166 2940 iaoiirt
1175 2881 1215 2938 dc.

376 2985 385 3014 ³
405 2982 445 3044 ΙΙ,
461 2982 505 3036 30.

375 3075 385 3107 ⁴
405 3073 513 3136 Astron„
525 3074 563 3138 ΙΙ,
577 3077 621 3132 tr.
635 3075 665 3127 In
671 3073 729 3128 loco
739 3073 809 3127 enim
816 3072 890 3127 vaide
900 3083 1036 3148 corrupto,
1047 3071 1093 3125 ubi
1103 3069 1230 3124 Phaethon
1240 3079 1266 3123 et
1275 3068 1346 3122 Pia-
1462 3059 1463 3078 ¹

339 3185 385 3221 non
397 3183 535 3242 perperam
549 3165 754 3230 confunduntur,
765 3164 890 3239 leguntur
902 3183 965 3220 nanu
976 3174 1062 3218 tumen
1074 3165 1129 3218 huc
1142 3163 1219 3218 verba
1230 3186 1237 3218 ι
1250 3160 1348 3216 «Stella

339 3259 455 3314 edicitur
462 3257 543 3322 Solio,
555 3275 634 3332 quum
644 3257 688 3312 aiii
702 3259 807 3314 Saturni
818 3257 965 3314 dixerunt·
976 3259 1042 3316 Vide
1051 3259 1133 3312 etiem
1144 3257 1187 3320 IV,
1204 3259 1252 3312 18:
1264 3255 1347 3310 iSolio

340 3351 447 3417 «atelle,
466 3351 574 3406 nomine
592 3351 704 3404 Pheoon
707 3389 797 3408 .......
811 3353 886 3408 Hanc
905 3351 1009 3408 stellam
1028 3351 1151 3406 nonnulii
1171 3351 1278 3405 Saturni
1293 3369 1347 3405 ense

341 3446 506 3503 edixerunt.»
521 3445 561 3502 Cf.
571 3443 858 3520 pseudo-Eratosthenis
872 3445 1068 3510 Gotoewrismm,
1081 3464 1104 3500 e.
1118 3461 1182 3500 ann.

379 3543 389 3574 ⁸
408 3537 514 3596 Journal
526 3536 567 3594 dra
579 3538 695 3598 Moeno,
710 3537 729 3592 Ι.
740 3557 762 3593 c.
1069 3589 1070 3596 ,

379 3638 389 3670 ⁶
408 3634 438 3689 In
454 3631 585 3694 Timaeum,
598 3630 643 3686 soi.
659 3634 694 3690 ad
705 3629 719 3684 b
731 3632 848 3687 &centii
861 3632 901 3708 (p.
916 3633 967 3692 148
982 3630 1114 3704 Mounii).

380 3731 389 3762 ⁷
409 3728 447 3782 De
459 3725 570 3790 eoelo,1,
585 3723 615 3790 ³,
627 3743 654 3800 p.
670 3743 723 3796 ²70
734 3724 762 3788 b,
772 3726 792 3781 1.
806 3727 837 3782 ιδ
853 3735 880 3781 et
890 3744 946 3800 eqq.
957 3725 997 3781 ed.
1008 3723 1094 3782 Beroi.

374 3825 384 3857 ¹
409 3820 485 3895 Apud
500 3819 629 3878 Plinium,
643 3818 707 3877 ΗΜ.
721 3827 770 3876 nat.
784 3821 822 3884 II,
836 3825 869 3880 at
884 3820 950 3894 (ro).
