2992 4822
489 453 545 514 DE
568 448 867 513 astuoltotssa.
1098 432 1102 440 ¹
1142 445 1181 508 tu

221 578 366 646 Theonil
384 578 537 644 debemus
553 577 637 641 larci
654 581 762 640 versut
780 573 916 638 ineditos
933 571 1013 646 duo,
1032 571 1182 658 equibus
1256 591 1334 648 nysa..

175 715 285 758 vocem
302 713 400 756 unam
417 699 619 756 enotaverant
635 682 810 774 Hesychius
827 695 858 750 et
871 683 1015 750 Suidast

221 807 354 871 Versum
375 804 475 870 alium
497 801 671 872 ineditum,
691 799 783 885 cujus
804 809 913 864 auctor
931 795 1069 863 dicitur³
1086 807 1182 883 ὁτρα-
1252 817 1347 914 uqa„

174 926 410 1002 pasturarum
425 914 565 1001 cujusvis
580 925 647 980 es'se
663 922 781 999 potest,
799 933 858 978 nec
874 909 1076 998 potissimum
1092 907 1183 972 Euri-
1254 887 1288 930 ³¹¹¹
1305 887 1344 916 '²¹'

174 1027 272 1114 pidis,
296 1039 486 1115 quanquam
506 1024 568 1088 ille
591 1031 805 1112 spcyudncros
827 1035 886 1088 roo
907 1035 1041 1101 cosmus
1067 1019 1185 1086 dicitur

174 1136 363 1208 Aristotelii,
386 1149 418 1204 et
436 1159 513 1202 voce
531 1133 728 1224 uopdpstns,
745 1134 779 1198 in
796 1133 858 1200 boc
878 1155 970 1200 versu
992 1133 1089 1221 paulo
1104 1133 1185 1202 inno

174 1251 292 1318 lentius
310 1260 451 1336 accepta,
470 1247 617 1314 similiter
633 1269 709 1314 usus
726 1248 803 1314 esti.
939 1253 942 1260 '

651 1429 708 1486 Si.

222 1582 348 1656 Cetera,
363 1605 435 1670 quas
449 1606 467 1648 e
481 1582 576 1648 variis
592 1582 773 1648 auctoribus
790 1581 825 1646 in
843 1579 984 1648 Theonis
995 1580 1185 1648 Astronomic

173 1697 360 1769 afferuntur,
377 1697 420 1762 ad
435 1694 662 1764 astronomiam
678 1695 812 1760 omnino
828 1693 1000 1788 pertinent.

157 1819 161 1830 “
219 1808 315 1886 Quod
324 1809 365 1874 de
377 1809 561 1876 Rsnrrouus
571 1809 622 1874 vel
636 1809 799 1876 Cuaunms
809 1819 841 1877 et
852 1807 893 1874 ds
906 1809 1065 1874 AEorrrus
1076 1807 1112 1872 in
1124 1805 1185 1874 hoc
1353 1885 1358 1896 ι

172 1943 268 2009 opere
290 1922 477 1994 affirmatur,
494 1943 547 1988 eos
569 1921 777 2010 perlongum
798 1932 927 2008 tempus
943 1930 1025 1986 astra
1041 1920 1183 1991 observa-
1225 1899 1248 1925 Η
1326 1913 1367 1984 u'

115 2055 116 2062 ¹
172 2034 267 2106 visse,
288 2056 383 2102 nomo
403 2034 463 2100 ibit
484 2033 612 2100 infitias.
635 2035 757 2103 Eorum
781 2044 889 2100 tamen
912 2031 1018 2098 nullas
1040 2033 1183 2102 observa-

172 2145 273 2212 tiones
284 2143 520 2233 alicujuspretii
533 2146 742 2212 Nabonassari
752 2168 850 2234 regno
860 2145 1055 2233 antiquiores
1068 2145 1185 2212 Graecis

172 2279 246 2322 vere
258 2257 447 2330 innotuisse,
463 2269 572 2328 oontra
581 2259 800 2348 Porphyrium
816 2270 847 2326 et
859 2259 936 2326 alios
948 2257 1060 2324 inalio
1071 2260 1186 2345 opere⁰

173 2369 473 2444 demonstrabimus.
495 2370 590 2449 Quod
615 2371 703 2460 apud
723 2372 890 2438 Thoonem
917 2381 1063 2440 nostrum
1088 2371 1183 2438 etiam

173 2482 322 2570 legimus,
341 2495 515 2571 utrumque
536 2484 696 2571 populum
717 2484 947 2572 hypothesibus
968 2483 1186 2552 astronomicis

172 2595 321 2662 nonnihil
339 2595 524 2669 indulsisse,
542 2596 708 2664 Chaldaeos
724 2608 834 2664 autem
848 2597 1034 2664 arithmetica
1051 2619 1184 2696 praeser-

171 2707 247 2780 tim,
268 2707 303 2772 id
325 2719 371 2774 est
395 2707 491 2797 cyclis
513 2708 756 2782 constituendis,
783 2707 946 2799 AEgyptios
967 2709 1065 2797 paulo
1078 2697 1186 2794 ¹magis

171 2825 361 2906 qeomatn'ce,
380 2821 415 2886 id
432 2833 480 2886 est
496 2821 687 2888 definiendis
705 2821 813 2895 lineis,
830 2845 910 2910 quas
927 2832 1008 2888 astra
1023 2843 1097 2889 vere
1115 2821 1184 2888 des·

173 2932 315 3005 cribunt,
333 2933 459 2999 Graecos
480 2933 562 3000 solos
581 2935 701 3022 physice
722 2946 868 3006 tractasse
888 2936 1130 3007 astronomiam,
1151 2932 1185 2998 id

174 3056 219 3107 est
234 3057 383 3122 motuum
400 3046 576 3112 ooelestium
592 3047 788 3136 indagavisse
805 3069 928 3124 causas,
946 3046 980 3113 id
997 3068 1055 3112 nos
1072 3046 1105 3110 in
1128 3045 1185 3110 illo

175 3155 286 3222 eodem
302 3180 399 3246 opere
415 3155 687 3228 confirmabimus.

215 3380 223 3410 ¹
243 3377 273 3432 C.
286 3397 345 3445 avr,
359 3381 404 3438 fot.
417 3402 435 3454 9
450 3383 472 3436 b.
487 3383 553 3438 Vide
565 3385 658 3438 Notum
671 3401 691 3438 s.
764 3423 766 3430 ,

212 3471 222 3502 ¹
241 3471 267 3524 S.
282 3492 306 3527 v,
318 3475 426 3548 Σείριος.
437 3475 503 3530 Vide
512 3475 616 3552 Bergirii
629 3477 723 3532 Pacius
730 3477 817 3551 irrisos
828 3495 933 3554 priscos,
946 3497 972 3553 p.
985 3479 1048 3535 ott.

214 3565 224 3596 ³
241 3565 272 3620 C.
284 3583 343 3630 xvi,
358 3565 402 3622 tol.
417 3587 433 3639 9
445 3569 466 3621 b.

212 3659 220 3690 ‘¹
241 3658 279 3712 Dc
292 3671 344 3713 arte
355 3659 464 3732 paetico,
478 3681 500 3717 c.
513 3677 576 3726 1111,
590 3683 615 3737 p.
634 3665 702 3722 1t53
717 3683 749 3725 u,
759 3665 778 3718 i.
792 3665 874 3736 apio
888 3664 929 3719 ed.
939 3665 1024 3720 bcroi.

207 3757 219 3786 ⁵
238 3751 305 3807 Vide
315 3753 449 3828 Euripidis
462 3755 584 3818 Orotan,
597 3777 620 3820 v,
639 3757 717 3813 1031.

211 3849 220 3877 ⁶
241 3847 271 3900 In
286 3845 397 3902 Historia
412 3850 561 3903 astronomis
572 3850 690 3924 antique,
703 3869 781 3925 qnam
792 3852 938 3907 scribimus.
