2992 4822
481 441 537 503 AD
559 441 805 502 LECTOREM.
1102 461 1145 502 vn

141 569 318 650 stantibus,
336 569 437 640 edere
453 593 522 638 non
542 571 690 662 potuisse
708 565 906 647 declaratio
925 578 1026 659 atque
1045 569 1146 636 etiam

141 693 175 762 id
192 719 227 762 so
243 703 503 787 procuraturum
521 689 691 784 pollicitus
709 702 772 768 est,
792 691 885 758 utin
903 711 1026 757 manus
1044 687 1145 769 mihi,

142 813 263 884 editori
273 811 403 894 banuo,
417 809 590 884 codcxille
601 812 828 905 optatissimus
840 812 983 881 veniret.
995 810 1040 880 Et
1049 835 1146 891 sanc,

141 937 280 1006 ineunte
298 933 365 1006 hoe
386 958 492 1012 anno,
511 931 662 1004 Theonis
680 931 885 1002 Astronomiae
902 929 1056 1002 codicem
1074 955 1147 1025 gra-

141 1059 270 1128 tissimo
295 1059 411 1127 animo
438 1055 568 1148 accepi,
596 1057 651 1123 eni
677 1067 788 1123 totum
815 1052 969 1146 impendi
994 1068 1145 1148 tempus,

142 1178 385 1274 quodcumque
403 1201 421 1244 a
439 1197 556 1244 mense
574 1175 731 1269 januario
753 1173 795 1244 ad
816 1173 909 1244 himo
928 1197 1036 1268 usque
1054 1174 1146 1246 diem

143 1299 206 1368 alia
223 1321 367 1368 munera
383 1296 468 1366 mihi
485 1296 707 1390 reliquerunt.

194 1419 293 1490 Nunc
310 1432 424 1488 autem
443 1419 512 1488 scio
529 1415 690 1488 eumdem
713 1441 783 1488 esse
802 1417 894 1487 hunc
914 1415 1070 1488 codicem
1088 1423 1147 1514 qui

22 1537 23 1540 ’
143 1544 178 1608 in
198 1541 311 1612 Caroli
329 1537 372 1608 de
393 1539 566 1610 Montchal
589 1538 796 1610 bibliotheca
815 1537 939 1618 suerat,
959 1553 1059 1636 atque
1077 1563 1146 1610 esse

143 1664 431 1733 accuratissimum
447 1676 481 1732 et
498 1661 625 1732 idcirco
645 1661 940 1733 mendosissimum
959 1661 1145 1732 mendosis-

142 1788 217 1854 simi
235 1785 496 1858 Mediolanensis
515 1783 639 1854 codicis
656 1781 875 1880 apographon
895 1813 901 1852 :
921 1807 998 1878 quae
1015 1808 1068 1853 res
1085 1807 1148 1854 suo

22 1977 23 1982 ,
144 1907 219 1976 loco
238 1905 535 1977 demonstrabitur.
556 1905 802 1978 Mediolanensi
821 1906 922 2000 igitur
939 1903 1054 1976 codice
1075 1909 1146 1974 sine

22 2119 23 2122 Ἴ
144 2030 289 2097 maximo
315 2051 393 2097 meo
424 2027 660 2122 lectorumque
685 2040 719 2096 et
747 2029 849 2120 ipsius
874 2023 1022 2097 Theonis
1048 2026 1148 2096 detri-

22 2169 23 2182 ³
143 2161 262 2217 mento
280 2173 410 2228 carere,
430 2162 465 2218 et
480 2149 515 2217 in
530 2151 675 2219 auctoris
690 2161 782 2217 textu
798 2146 839 2217 ad
857 2149 906 2216 rei
921 2151 1147 2242 grammaticae

22 2293 23 2300 ¹
144 2267 457 2364 mathematicasque
479 2293 637 2339 normam
664 2267 881 2364 corrigendo,
907 2271 1043 2364 ingenio
1067 2293 1147 2363 pru-

23 2449 24 2476 3
144 2387 264 2458 denter
289 2387 464 2482 indulgere
490 2414 586 2484 posse
614 2388 698 2458 mihi
725 2390 816 2460 visus
844 2415 935 2470 sum,
965 2394 1090 2460 vocatis
1112 2395 1147 2460 in

23 2517 24 2604 i
144 2511 320 2588 auxilium,
334 2525 409 2580 tram
424 2511 527 2580 latina
543 2513 697 2580 maximae
711 2515 823 2605 operis
837 2512 939 2605 partis
952 2514 1147 2606 interpreta-

23 2627 24 2630 '
143 2634 250 2728 tione,
271 2657 375 2727 quam
395 2630 625 2702 Commentario
645 2632 677 2701 in
700 2632 848 2702 Timaeum
868 2658 886 2701 a
909 2631 1083 2704 Chalcidio
1102 2637 1149 2702 in-

24 2837 26 2842 ,
144 2765 266 2822 sertam
285 2753 413 2831 inveni,
434 2766 508 2821 tum
527 2751 651 2822 Graeris
668 2751 712 2822 de
732 2751 850 2822 eadem
875 2754 1013 2823 scientia
1036 2769 1149 2825 aucto-

143 2871 248 2943 ribus.
256 2873 349 2944 inter
359 2898 456 2967 quos,
465 2899 574 2968 quum
584 2878 670 2971 typis
679 2873 835 2944 nondum
845 2877 1018 2971 vulgatum
1030 2877 1149 2948 latere't

144 2997 178 3062 in
194 2994 403 3066 Bibliotheca
420 2999 510 3091 regia
528 2995 706 3066 Parisiensi
724 2999 993 3093 manuscriptum
1011 2997 1148 3096 Georgii

144 3113 356 3214 Pachymeris
379 3141 464 3212 opus
491 3117 540 3188 De
561 3129 690 3214 quatuor
713 3118 937 3190 mathematicis
961 3119 1147 3216 disciplima,

143 3243 409 3310 astronomicum
423 3238 569 3319 librum,
587 3241 646 3335 qui
661 3255 800 3336 quartus
814 3245 925 3336 operis
941 3257 1004 3321 est,
1022 3256 1148 3314 attente

25 3415 26 3452 3
143 3359 284 3453 perlegi,
301 3386 338 3430 ca
354 3375 495 3431 enatans
510 3385 586 3458 quae
601 3361 696 3431 utilia
711 3365 779 3432 visa
798 3377 892 3444 sunt,
913 3378 946 3432 et
964 3365 1148 3436 nonnullos

25 3529 26 3532 ,
144 3482 245 3550 etiam
260 3479 452 3552 describens
467 3483 574 3560 locos,
591 3508 676 3577 quos
690 3485 725 3552 in
743 3484 844 3580 hujus
858 3487 1040 3556 voluminis
1053 3487 1150 3581 priori

142 3600 315 3696 Appendice
341 3606 501 3674 invenies.
527 3604 566 3672 ln
589 3603 765 3701 Appendice
787 3606 886 3676 altero
911 3623 1082 3688 occurret,
1108 3633 1147 3676 ex

26 3801 28 3806 ¹
143 3723 268 3815 optima
294 3737 326 3792 ct
344 3748 417 3794 rara
436 3723 581 3795 Fabricii
601 3725 748 3796 editione
768 3728 870 3821 paulo
894 3733 994 3797 etiam
1018 3753 1147 3799 correc-

142 3844 206 3912 tius
235 3844 362 3925 editus,
393 3849 606 3942 geometricis
634 3871 714 3918 vero
744 3848 1043 3943 descriptionibus,
1071 3874 1146 3941 quae
