2988 4826
293 437 313 498 o
587 433 784 496 THEONIS
804 435 1011 496 sulutem

292 557 472 628 Montucla¹
490 569 522 623 et
536 559 577 624 de
589 555 725 624 Gelder²
742 557 783 624 de
798 558 854 625 illo
871 559 1045 624 attulerunt
1059 571 1203 628 veterum
1220 561 1302 626 testi·

293 671 420 744 monia,
438 693 475 738 ea
491 671 532 736 ad
551 671 661 759 ipsum
676 693 750 738 vere
766 681 907 760 spectare
922 671 1031 738 omnia
1047 695 1112 738 non
1129 671 1300 740 credimus.

340 783 450 849 Noster
471 782 607 870 quidem
626 782 767 871 proiecto
789 794 835 848 est
856 794 940 852 Θέων
956 791 1187 858 intereunte,
1209 786 1303 874 cnjus

293 896 481 985 opinionem
495 895 536 962 de
547 895 687 962 Platonis
697 895 956 986 propinquorum
968 895 1075 962 Critiae
1087 907 1120 962 et
1132 895 1303 966 Glauconis

292 1029 409 1098 genere
429 1007 570 1072 confutat
592 1007 750 1074 Proclus³.
773 1008 836 1072 Nec
860 1007 1075 1072 dubitandum
1096 1007 1177 1096 quin
1198 1021 1303 1075 noster

294 1120 335 1186 sit
347 1120 475 1195 Theon,
493 1142 662 1188 «summus
677 1119 732 1185 ille
743 1119 1002 1193 mathematicus,
1016 1131 1126 1185 auctor
1139 1122 1244 1209 operis
1263 1122 1304 1188 de

295 1244 455 1320 «quatuor
465 1225 699 1298 mathematicis
712 1231 906 1320 disciplinis,
920 1263 931 1290 ι
944 1232 989 1297 sic
1005 1253 1136 1318 agraeco
1150 1233 1303 1299 cardinali

294 1345 496 1412 Bessarionel
520 1345 625 1412 dictus
648 1367 685 1410 ac
706 1356 742 1409 ut
764 1345 914 1434 princeps
940 1345 1124 1410 nominatus
1147 1344 1304 1412 intereos

296 1458 508 1545 «expositores
518 1457 676 1530 Platonis,
694 1457 766 1544 qui,
783 1458 819 1521 in
835 1457 1043 1545 explanandis
1059 1458 1129 1546 ejus
1141 1457 1246 1532 libris,
1263 1457 1304 1524 de

296 1569 552 1636 «mathematicis
567 1569 744 1636 rationibus
760 1570 855 1657 plura
871 1568 1054 1634 dixerunt·

341 1683 462 1748 Verum
473 1683 623 1750 Nostrum
640 1705 707 1751 csse
722 1681 859 1748 minime
874 1693 997 1748 constat
1012 1681 1107 1746 illum
1120 1682 1303 1756 Tbeonem,

296 1795 354 1882 qui
371 1795 557 1870 Plutarcho,
574 1795 609 1860 in
626 1794 751 1881 dialogo
766 1794 817 1858 De
829 1794 915 1882 socie
938 1799 969 1858 in
990 1797 1059 1860 orhe
1079 1793 1191 1868 huno,
1212 1793 1306 1862 indu·

295 1907 389 1981 citur,
405 1919 575 1995 poetarum
590 1906 768 1996 praecipue⁵
785 1917 817 1972 et
832 1905 1034 1980 Aristarchi⁶,
1049 1927 1115 1972 non
1130 1905 1305 1973 mathema·

295 2019 350 2086 tici
365 2019 453 2087 illius
469 2019 586 2093 samii,
604 2019 661 2085 sed
678 2019 879 2106 grammatici
896 2017 1117 2094 Alexandrini,
1131 2020 1305 2094 studiosusz

296 2143 405 2200 contra
425 2133 614 2222 opinionem
634 2131 676 2198 de
698 2132 799 2196 Lunae
820 2131 933 2197 incolis
949 2132 1057 2218 jocose
1077 2131 1183 2220 potius
1206 2154 1306 2220 quam

296 2246 378 2312 serio
396 2245 581 2333 disputans,
599 2243 895 2332 quamvistriplicis
915 2245 1016 2310 Lunae
1035 2255 1140 2312 motus
1155 2244 1190 2310 in
1208 2243 1307 2332 longi·

296 2357 459 2432 tudinem,
480 2357 689 2426 latitudinem
709 2369 740 2422 et
762 2356 966 2422 altitudinem
988 2378 1052 2422 non
1071 2357 1228 2446 ignarusl,
1250 2355 1307 2422 sed

297 2468 380 2536 nihil
398 2469 439 2536 de
456 2469 631 2535 defectibus
648 2469 730 2536 Solis
747 2481 778 2536 et
793 2471 892 2536 Lunae
909 2493 942 2536 se
958 2469 1039 2535 scire
1055 2469 1227 2542 confitens,
1244 2467 1306 2534 nisi

222 2652 230 2657 ,
297 2603 334 2648 ea
350 2603 422 2670 quae
438 2583 532 2670 pueri
548 2604 612 2648 non
626 2565 787 2656 nesciunt,
806 2605 843 2648 ac
858 2593 960 2648 cetera
976 2581 1083 2648 doceri
1098 2603 1116 2646 a
1129 2581 1228 2646 Lucio
1239 2581 1306 2670 pla·

297 2695 403 2762 tonioo
418 2696 618 2784 postulans⁸;
636 2696 751 2783 saepius
766 2695 862 2760 etiam
873 2695 908 2760 in
920 2693 1083 2761 Plutarchi
1097 2693 1308 2760 Conuioulibus

298 2811 505 2895 questionibus
518 2809 645 2882 obvius,
659 2829 850 2896 semperque
862 2809 906 2874 ita
918 2808 1092 2880 disserens,
1106 2817 1142 2872 ut
1153 2829 1308 2896 gramma·

337 2995 345 3026 ¹
366 2991 476 3048 Histoire
489 2989 530 3048 des
543 2991 752 3070 machinationes,
768 2997 793 3048 a·
806 2991 918 3058 edition,
932 3004 950 3048 t.
964 2995 989 3057 1,
1002 3013 1029 3068 p.
1045 2995 1172 3068 apa-²93.

336 3091 346 3121 ¹
365 3089 396 3141 ln
409 3087 526 3143 Theonis
534 3089 659 3162 Smyrnaei
670 3088 846 3144 Arithmaticae
857 3088 985 3152 editione,
997 3086 1237 3151 Premoueodomm,
1248 3107 1270 3142 c.
1286 3109 1308 3152 ι,

299 3179 311 3234 S
327 3201 339 3235 a
353 3192 380 3236 et
390 3179 416 3236 3.

215 3273 219 3283 “
338 3277 348 3309 ⁸
366 3273 396 3329 la
409 3272 537 3337 Timauus,
547 3294 574 3349 p.
591 3277 624 3330 26
637 3276 658 3330 Λ
669 3275 711 3330 ed.
724 3295 763 3349 gr.
777 3275 865 3342 nuit,
877 3295 904 3351 p.
920 3276 954 3330 58
967 3275 1129 3330 Schneideri.

338 3367 397 3422 ‘ln
408 3367 605 3424 mamm
614 3367 740 3434 Plutonis,
753 3389 776 3424 c.
789 3387 847 3426 tur.
862 3370 991 3434 venetiis,
1007 3369 1085 3424 1503.

339 3465 348 3494 ⁵
369 3461 435 3517 Vide
446 3461 630 3526 Plutarchum,
641 3462 756 3539 Dcfucie
768 3463 792 3518 in
805 3463 862 3518 orbe
872 3465 959 3526 Luae,
973 3482 995 3517 c.
1006 3481 1060 3526 vn,
1072 3483 1098 3537 p.
1111 3463 1163 3534 9²3
1176 3463 1209 3526 F,
1222 3482 1244 3518 c.
1257 3481 1309 3524 xix,

302 3574 328 3630 p·
339 3555 389 3627 931
405 3555 441 3618 E,
453 3555 487 3622 Ἐς
499 3566 558 3612 etc.
568 3573 633 3620 uu,
646 3575 672 3631 p
685 3556 739 3629 938
749 3559 781 3613 D.

341 3653 350 3682 ⁵
370 3647 435 3704 lha'd.
449 3669 473 3704 c.
486 3667 549 3714 xxv,
563 3669 589 3726 p.
600 3650 654 3723 938
666 3653 698 3708 D.

342 3747 351 3776 ⁷
371 3743 433 3800 ttid„
447 3763 470 3798 c.
484 3761 555 3800 mv.

341 3842 350 3872 ⁸
370 3837 434 3893 [tit.
446 3859 468 3893 c.
482 3856 526 3902 xx,
541 3858 567 3912 p,
579 3839 631 3910 932
643 3841 678 3902 D,
689 3842 720 3893 E.
