3016 4826
499 427 554 487 DE
576 425 870 488 Asruonontn.
1127 429 1186 492 377

176 547 246 608 ierit
256 545 436 609 Chalcidius¹
447 569 553 631 :quum
561 549 642 609 enim
654 547 691 610 ed
703 547 783 610 buno
794 547 893 610 locum
904 549 935 609 iu
947 547 1036 610 lutino
1051 548 1191 610 vertendo

178 651 308 710 Theonis
319 648 492 712 Astronomia
502 652 646 734 pervenit,
658 651 730 713 dicit
740 651 848 712 idcirco
859 649 1018 734 retrogredi
1027 649 1118 712 videri
1128 650 1190 712 stel-

176 752 274 812 larum
294 754 456 813 errantium
477 743 648 823 nonnullus,
663 754 745 838 quod
762 755 864 816 ceteris
881 752 976 814 multo
994 751 1105 814 tardius
1124 763 1192 815 erut

178 856 322 916 orientem
330 875 447 924 versus,
459 867 501 925 et,
517 877 586 916 cum
597 855 749 918 citioribus
764 857 799 917 iis
811 865 997 938 comparate,
1010 855 1191 916 occidentem

178 979 279 1019 versus
295 959 338 1016 ire
350 957 520 1028 videantun
533 959 584 1022 sed
599 959 727 1028 Luosm,
740 959 853 1028 Solem,
865 959 1044 1020 Mercurium
1058 969 1088 1020 et
1100 959 1192 1022 Vene-

179 1083 258 1129 rem,
279 1071 380 1143 utpote
400 1061 486 1122 citius
508 1063 622 1131 euntis,
642 1083 798 1144 uunquam
819 1061 978 1144 retrogredi
999 1063 1099 1122 rideri.
1121 1061 1193 1138 Quo

179 1164 280 1225 omnio
298 1185 388 1247 quem
408 1161 478 1224 salsa
497 1165 557 1223 sint
576 1175 662 1248 etque
681 1187 698 1224 e
716 1163 845 1224 Theonis
864 1175 963 1226 mente
982 1162 1089 1233 eliens,
1106 1185 1194 1226 nemo

180 1288 241 1327 non
252 1265 339 1327 videt.
352 1268 488 1350 Namque
502 1267 641 1327 Mercurii
652 1279 680 1328 et
689 1267 826 1336 Veneris,
837 1267 912 1328 siout
921 1277 951 1328 et
960 1277 1121 1330 ceterorum
1132 1266 1194 1328 stei-

179 1369 276 1430 ierum
287 1370 391 1438 trium,
403 1381 474 1430 sunt
485 1381 690 1452 retrogressus,
704 1381 733 1432 et
739 1371 871 1454 quinque
880 1381 1009 1432 errantes
1020 1368 1122 1440 stelle,
1134 1391 1193 1432 non

181 1470 241 1532 haec
254 1493 321 1556 erge
339 1473 469 1534 citiorem
483 1471 587 1542 aliem,
606 1472 656 1534 sed
673 1495 775 1535 omnes
793 1493 861 1556 erge
876 1471 973 1535 stelles
988 1473 1151 1535 inerrantes
1166 1487 1195 1536 et

180 1575 423 1656 aequinoctiorum
435 1585 549 1656 puncta.
562 1573 822 1656 retrogrediuntur.
839 1573 934 1638 stelle
946 1577 1025 1636 euim
1039 1575 1095 1638 iiie
1107 1577 1193 1660 quin·

179 1697 238 1760 que
252 1675 346 1738 solent
361 1677 481 1759 quidem
503 1677 610 1738 zodiaci
630 1678 725 1738 sidere
742 1679 922 1757 pertransire
938 1677 976 1740 eb
990 1677 1141 1740 occidente
1157 1678 1194 1740 ed

59 1780 64 1786 '
179 1779 337 1848 orientem,
351 1779 402 1841 sed
415 1779 587 1864 aliquando,
603 1781 688 1841 certis
702 1781 901 1864 temporibus,
916 1781 954 1842 sb
968 1783 1080 1844 oriente
1095 1782 1131 1844 ed
1147 1803 1194 1844 oc·

181 1883 328 1944 ridentem
352 1905 386 1945 ee
407 1885 583 1967 pertransire
604 1883 741 1946 videntur
764 1883 848 1946 uobis
872 1905 972 1947 revere
993 1884 1194 1954 cernentibus,

182 2007 236 2048 nec
256 2007 324 2047 vcro
344 1987 553 2071 inopinantibus
573 1997 701 2056 tentum,
723 1997 757 2046 ut
775 1985 847 2048 friso
864 1987 1032 2048 Chalcidius
1052 1997 1193 2048 autumet.

183 2088 293 2148 Eorum
306 2109 376 2171 ergo
389 2091 563 2173 geometrice
578 2087 750 2172 bnpitudinir
759 2089 906 2172 graduum
917 2111 1073 2160 numerus,
1088 2091 1141 2172 qui
1150 2111 1195 2152 ce

181 2201 244 2252 tero
258 2211 347 2252 cursu
369 2204 501 2275 nugetur,
519 2213 618 2254 revere
638 2193 785 2254 minuitur
799 2193 849 2262 iis,
865 2193 917 2276 qui
932 2213 949 2254 e
963 2192 1052 2254 Terre
1068 2203 1194 2276 specten-

181 2293 262 2354 tibus
277 2293 363 2355 nobis
378 2305 531 2377 apparent,
548 2295 764 2356 retrocessibus.

616 2493 687 2548 Nori
707 2491 762 2548 GG.

478 2643 900 2716 Adc.m,sol.19a,p.r7r.

234 2873 325 2888 .....
341 2833 414 2888 ..τὸ
433 2833 479 2888 καὶ
497 2833 533 2888 τὰ
553 2827 823 2911 separaturi-Sic
838 2827 1011 2911 legendum,
1026 2849 1195 2914 quenquam

185 2932 215 2989 iu
230 2929 332 2991 codice
346 2929 455 3014 legitur
468 2935 503 2991 τὸ
514 2935 587 2991 κατὰ
601 2934 637 2990 τὰ
651 2935 798 3013 εἰρημένα.
814 2929 929 3013 Duplex
943 2931 1023 2991 enim
1044 2943 1088 2992 est
1107 2943 1196 2993 estro·

186 3034 307 3093 nomicae
321 3035 448 3095 scientie
458 3036 653 3117 propositum,
662 3033 911 3104 hinc,retrorsum
923 3033 1134 3118 computando,
1146 3040 1196 3096 ab·

185 3137 265 3219 tique
275 3135 423 3196 observatu
433 3137 559 3196 examini
570 3135 726 3220 subjicere,
738 3135 819 3199 illinc
830 3135 1005 3196 infuturum
1017 3135 1197 3198 observande

185 3239 339 3320 predicere
355 3264 361 3296 :
378 3239 458 3322 quod
473 3251 646 3323 utrumque,
663 3239 709 3300 vei
723 3241 785 3300 sine
801 3252 933 3300 accurate
947 3237 1047 3322 legum
1067 3239 1197 3301 coelestes

185 3353 282 3403 motus
307 3343 523 3404 moderantium
546 3343 728 3426 cognitione,
752 3342 877 3404 obtineri
900 3353 1008 3424 potest,
1034 3341 1197 3403 dummodo

185 3456 263 3506 certe
274 3443 464 3528 phaenomene
479 3447 564 3507 certis
577 3459 743 3530 temporum
757 3443 915 3506 intervallis
926 3443 1031 3507 eodem
1043 3443 1146 3507 ordine
1156 3467 1197 3505 re-

186 3546 249 3608 dire
259 3547 506 3609 animadverteris.
517 3549 550 3609 ld
560 3561 659 3611 autem
669 3548 811 3610 Chaldaeis
823 3561 852 3610 et
862 3549 1003 3633 AEgyptiis
1014 3547 1197 3632 aliquatenus

186 3650 341 3731 contigisse
356 3649 512 3712 credimus.

221 3851 226 3877 ¹
246 3850 295 3898 rol.
312 3855 341 3900 28
354 3851 367 3899 b
378 3853 488 3908 musii,
502 3871 525 3919 p.
540 3871 643 3917 ips-172
658 3853 759 3902 Meursii.
