2964 4824
478 436 537 496 DE
560 434 856 498 astnouottts.
1111 441 1173 502 299

163 559 284 630 mundi
300 575 333 629 et
347 560 515 642 animalis,
532 563 746 632 animationis
759 563 802 630 sit
814 559 871 631 hic
885 561 996 642 locus,
1013 559 1084 632 Soli
1098 561 1175 632 cali·

164 683 302 752 dissimo
327 685 501 778 proprius,
528 697 692 778 tanquam
720 681 816 753 cordi
842 680 1006 762 universi,
1034 697 1175 778 propter

165 819 297 875 motum
316 804 654 900 magnitudinemque
673 820 707 875 et
724 829 947 876 communem
966 830 1103 876 cursum
1123 830 1174 876 eo

163 951 242 998 rum
261 953 337 1022 quaa
355 930 483 998 circum
502 927 601 998 illum
619 941 709 998 sunt.
734 925 836 998 Aliud
859 929 952 998 enim
974 942 1024 998 est
1045 930 1080 998 in
1104 932 1173 998 ani-

164 1051 262 1120 matis
274 1046 475 1142 corporibus
487 1047 642 1118 medium
653 1049 820 1142 corporis,
834 1046 871 1118 id
884 1061 934 1118 est
942 1049 1096 1138 animalis
1108 1075 1174 1145 qua

165 1171 291 1244 animal
309 1185 373 1250 est,
392 1169 485 1242 aliud
500 1169 741 1264 magnitudinis
759 1201 765 1239 :
781 1167 878 1242 verbi
895 1171 1015 1265 gratia
1031 1185 1072 1242 ut
1088 1171 1176 1242 dice

163 1294 300 1373 bamus,
318 1295 425 1364 nostri
442 1295 595 1388 ipsorum
611 1291 703 1362 aliud
720 1307 783 1374 est,
803 1317 870 1388 qua
887 1291 1046 1363 homines
1061 1306 1094 1362 et
1108 1297 1176 1365 ani·

164 1415 266 1486 mulia
283 1435 416 1494 sumus,
441 1413 655 1486 animationis
678 1413 849 1495 medium,
875 1415 1003 1485 scilicet
1022 1415 1117 1486 locus
1139 1419 1174 1486 in

165 1535 267 1608 corde
298 1550 411 1609 motus
441 1533 581 1608 effector
613 1535 902 1632 calidissimuaque
935 1551 969 1608 et
995 1553 1175 1634 propterea

166 1661 287 1731 animae
307 1657 472 1728 laordtmis
490 1660 602 1730 omnis
617 1661 840 1754 principium,
857 1659 963 1730 veluti
980 1661 1088 1731 vitalis
1106 1675 1140 1732 et
1157 1687 1175 1732 c

162 1783 240 1853 loco
253 1782 288 1851 in
303 1781 419 1852 locum
435 1794 550 1852 mottts
565 1777 757 1862 effectricis‚
774 1783 1057 1878 appetitionisque
1073 1809 1112 1853 ac
1125 1785 1175 1854 vis

162 1901 369 1998 imaginandi
387 1915 421 1972 et
437 1901 684 1997 intelligentiam
701 1902 795 1973 aliud
807 1917 921 1973 autem
934 1907 970 1973 in
986 1903 1088 1974 nobis
1101 1929 1174 1974 me-

164 2023 259 2094 dium
268 2023 519 2118 magnitudinis,
530 2024 732 2094 velutieiroa
742 2023 957 2096 umbilicum.
968 2025 1132 2096 Similiter
1142 2041 1176 2097 et

164 2144 286 2215 mundi
295 2147 458 2226 universi,
470 2159 637 2240 quantum
650 2149 803 2240 eparvis,
816 2143 1030 2242 fortuitisque
1040 2161 1074 2216 et
1086 2171 1175 2218 mor-

164 2267 301 2347 talibus,
319 2267 362 2338 de
378 2268 545 2345 maximis,
567 2265 837 2362 dignissimisque
851 2268 984 2340 honore
1004 2283 1038 2340 et
1053 2269 1175 2340 divinis

164 2392 333 2485 conjicere
355 2389 451 2468 licet,
473 2387 714 2483 magnitudinis
736 2387 890 2458 medium
916 2403 966 2460 est
986 2389 1089 2471 illud,
1113 2389 1175 2462 ubi

44 2555 46 2562 ,
164 2511 270 2582 Terra
282 2526 344 2592 est,
359 2509 518 2606 frigidum
529 2525 563 2581 et
574 2511 768 2594 immobile3
779 2525 898 2606 utpote
911 2511 1034 2582 mundi
1043 2527 1172 2594 autem,

165 2647 199 2702 et
211 2659 278 2730 qua
291 2633 440 2703 mundus
451 2634 645 2728 animalque
659 2646 722 2713 est,
735 2635 948 2704 animationis
959 2633 1112 2704 medium
1126 2649 1175 2704 est

164 2757 258 2827 locus
273 2759 361 2826 circa
377 2755 509 2836 Solem,
525 2770 688 2852 tanquam
707 2779 767 2826 cor
784 2757 943 2836 universi,
962 2755 1053 2826 unde
1072 2759 1172 2826 etiam

165 2901 275 2950 orsam
295 2882 367 2974 ejus
389 2881 539 2951 animam
560 2877 679 2950 dicunt
698 2900 760 2972 per
782 2901 885 2948 omne
909 2879 1028 2949 mundi
1051 2903 1173 2973 corpus

164 3014 340 3092 penetrare
357 3014 527 3069 extensam
544 2999 586 3069 ab
602 2999 879 3070 extremitatibus.
925 3027 927 3038 ·

206 3145 215 3173 ⁹
239 3145 385 3207 Servanda
395 3148 560 3215 voxolouv,
572 3170 636 3230 quae
648 3147 742 3230 logice
750 3148 870 3230 quidem
882 3148 917 3207 ad
927 3153 962 3207 τὸ
973 3153 1118 3219 κινητικὸν
1131 3171 1173 3208 re-

164 3249 264 3315 fertur.
276 3249 328 3310 sed
334 3251 468 3331 adgenus
474 3253 552 3310 vocis
561 3255 655 3332 ἀρχὴν
663 3251 819 3318 attrabitur,
834 3251 1170 3332 utgrammaticidicunt.

198 3349 218 3379 ¹⁰
241 3353 274 3410 ln
289 3351 387 3412 codice
402 3351 463 3411 κατ’
478 3352 673 3432 ἐμψυγμένον.

198 3453 216 3482 ¹¹
239 3455 274 3514 In
289 3454 389 3515 codice
404 3457 431 3524 ἦ.

198 3555 217 3584 ¹¹
239 3557 273 3616 ln
288 3556 387 3618 codice
401 3567 453 3618 τοῦ
468 3557 560 3628 ἡλίου.

197 3659 217 3688 ¹³
240 3659 451 3743 Compendiosc
466 3663 606 3744 scriptum
622 3673 663 3720 est
678 3669 715 3737 φ,
734 3661 811 3722 linea
822 3663 991 3726 horizontali
1007 3667 1168 3748 supposita,

163 3773 191 3823 et
202 3762 290 3844 paulo
305 3764 438 3845 superius
453 3785 495 3845 ερ.
512 3765 584 3824 Vide
595 3763 738 3825 Tabulam
754 3785 785 3835 a,
803 3773 834 3826 n⁰
851 3789 898 3829 ao.
1074 3747 1077 3756 Ι

196 3862 216 3893 “
238 3867 271 3925 ln
287 3865 387 3926 codice
401 3871 588 3945 τεταγμένην.
710 3885 711 3888 ’
