2970 4822
475 432 531 496 DE
555 433 859 496 nsruouonla.
1112 439 1169 501 105

158 575 220 635 rat,
236 559 360 628 Adrasti
374 573 518 648 tempore
530 559 601 647 jam
619 581 683 625 non
700 559 735 623 in
749 558 909 634 Geminis,
923 559 979 624 sed
996 541 1030 625 in
1048 561 1171 627 Canem

159 673 285 738 futurus
300 673 419 740 luisset.
441 671 560 761 Capitis
576 693 649 758 ergo
666 693 749 737 xrvu
764 693 839 760 pars
855 695 892 738 ea
913 695 985 760 quae
1002 672 1042 738 ad
1058 695 1171 738 annum

157 788 397 852 anomalistr'cnm
416 797 554 874 spectat,
571 807 648 850 eum
667 785 728 850 hac
749 785 860 873 capitis
883 807 952 850 nxvr
974 797 1078 873 parte,
1099 807 1172 874 quae

158 921 196 964 ex
219 898 351 965 Adrasto
371 911 477 964 sumta
493 911 555 971 est,
575 897 753 964 consentire
771 919 835 962 non
856 897 992 962 videtur.
1010 895 1073 962 Ant
1098 919 1171 986 ergo

157 1034 267 1076 secum
288 1011 442 1101 pugnavit
467 1007 637 1082 Adrastus,
662 1009 744 1077 Solis
768 1031 925 1096 apogeum
949 1031 1007 1075 suo
1029 1023 1172 1098 tempore

158 1123 203 1187 ibi
220 1123 288 1188 lere
301 1145 368 1188 esse
381 1134 535 1194 statuens,
552 1121 608 1186 uhi
625 1121 800 1210 Hipparchi
813 1133 956 1210 tempore
968 1120 1085 1198 fuerat;
1102 1133 1171 1195 aut,

158 1235 247 1322 quod
265 1235 366 1322 magis
384 1234 560 1305 credimus,
579 1255 644 1299 non
665 1231 798 1300 Adrasto
815 1233 974 1300 debentur
989 1223 1115 1321 eaque
1131 1233 1172 1300 de

158 1371 239 1412 anno
255 1349 461 1412 anomalistr'co
478 1347 512 1412 in
528 1346 632 1434 capite
646 1367 729 1412 xxvn
741 1347 853 1412 Theon
871 1347 1054 1434 Smyrnaeus
1066 1345 1172 1412 habet.

206 1457 243 1524 ld
253 1471 361 1524 autem
374 1481 461 1523 nunc
468 1455 620 1524 Adrastus
628 1470 659 1524 et
666 1457 778 1522 Theon
787 1459 923 1546 probare
930 1441 1056 1529 volunt,
1069 1480 1172 1545 quum

158 1582 327 1658 acceptum
344 1571 385 1636 sit
400 1571 537 1636 coelestia
555 1593 689 1659 corpora
707 1577 765 1658 p'er
779 1569 913 1635 circulos
930 1569 1128 1658 aequabiliter
1140 1583 1174 1636 et

158 1682 332 1770 composite
349 1682 439 1755 ferri,
458 1683 552 1757 duas,
572 1705 631 1748 nee
651 1703 726 1748 vero
748 1682 856 1772 plures
875 1705 942 1748 esse
963 1682 1171 1770 hypotheses,

158 1817 230 1882 quae
247 1807 353 1860 motus
369 1795 479 1862 solaris
496 1795 716 1884 phaenomenis
732 1795 937 1870 satisfaciant,
952 1819 1090 1884 quarum
1108 1815 1173 1862 una
1207 1865 1209 1870 ,
1295 1846 1298 1864 .

159 1920 265 1974 tamen
293 1907 430 1974 induas
455 1907 558 1974 scindi
581 1919 693 1997 potest.
716 1907 803 1973 Dicit
827 1931 901 1995 ergo
922 1909 1074 1982 Terram,
1100 1931 1173 1996 qnae

158 2032 205 2084 est
225 2020 260 2084 in
281 2019 399 2086 zodiaci
414 2033 539 2094 centro,
561 2041 626 2086 non
646 2041 713 2086 esse
731 2019 765 2084 in
788 2031 898 2086 centro
917 2019 1027 2085 solaris
1043 2019 1171 2096 circuli;

161 2153 220 2196 nec
242 2153 404 2198 versasse
424 2155 515 2221 posse
536 2133 570 2198 in
592 2131 703 2198 circuli
724 2132 822 2220 hujus
843 2131 1017 2206 circuitu¹,
1041 2132 1096 2197 sed
1118 2143 1174 2196 ant

161 2243 245 2307 iutra
261 2244 435 2318 circulum,
454 2258 508 2310 ant
525 2257 626 2318 extra,
644 2245 688 2310 ita
705 2257 741 2309 ut
761 2245 899 2310 circulus
916 2244 970 2310 ille
988 2255 1043 2309 aut
1064 2265 1172 2309 eaccen-

162 2359 251 2420 trr'cas
276 2357 335 2430 sit,
364 2369 419 2422 aut
445 2359 589 2446 epicyelns
617 2358 652 2422 in
679 2357 789 2423 circuli
816 2358 952 2446 alicujus
978 2355 1173 2424 concentrici

162 2467 297 2534 circuitu
323 2469 456 2536 delatus.
485 2470 662 2536 Excentrici
688 2469 893 2558 hypothesim
914 2469 1003 2558 prius
1028 2468 1172 2557 exponit,

161 2575 363 2668 ostenditque
384 2604 455 2648 earn
476 2603 551 2648 cum
573 2582 793 2671 phaenomenis
813 2582 1005 2655 consentire,
1025 2581 1112 2669 quod
1133 2581 1174 2648 ad

161 2692 242 2760 Solis
258 2693 293 2758 in
307 2693 438 2760 solstitia
451 2707 482 2759 et
493 2694 682 2782 aequinoctia
698 2695 887 2767 adventurn,
905 2705 935 2759 et
952 2692 1017 2758 fere
1033 2692 1121 2782 quod
1133 2691 1174 2760 ad

162 2805 312 2870 minimas
328 2806 548 2894 maximasque
565 2819 596 2872 et
611 2806 733 2872 medias
749 2805 939 2880 celeritates,
960 2805 1175 2893 minimasque

161 2929 193 2982 et
209 2919 363 2984 maximas
376 2931 407 2984 et
423 2919 546 2984 medias
562 2917 641 2984 disci
659 2919 767 2985 solaris
781 2930 969 3007 apparentes
985 2916 1175 3006 magnitudi-

164 3051 218 3094 nes
230 3043 365 3118 spectat;
381 3031 584 3120 ostenditque
596 3044 748 3122 praeterea
760 3031 908 3120 apsidum
922 3031 1014 3097 linear
1026 3043 1058 3096 et
1070 3051 1175 3096 escen

164 3140 233 3204 ttici
249 3143 359 3208 circuli
376 3145 477 3210 centri
493 3145 684 3233 positionem
703 3144 799 3209 unius
815 3143 966 3231 trianguli
984 3142 1175 3210 resolutione

165 3251 255 3319 lacile
275 3255 411 3322 inveniri
433 3280 549 3346 posse:
568 3258 652 3324 hanc
677 3271 784 3324 autem
809 3279 920 3322 curam
943 3255 1175 3323 mathematicis

165 3364 364 3452 relinquens,
388 3369 555 3436 enuntiare
581 3371 654 3435 satis
678 3371 774 3436 habet
797 3382 943 3435 centrum
964 3368 1133 3434 excentrici
1157 3390 1175 3433 a

163 3489 273 3543 centro
289 3479 408 3545 zodiaci
425 3494 456 3546 et
467 3483 573 3548 Terrae
585 3483 702 3548 distare
714 3483 864 3570 vigesima
879 3495 993 3570 quarta
1008 3481 1074 3548 fere
1086 3493 1175 3570 parte

204 3645 212 3676 ²
232 3643 404 3716 Hypothesinr
418 3645 498 3710 hanc,
512 3665 564 3720 qua
581 3647 649 3701 Solis
665 3655 787 3701 centrum
805 3664 853 3722 per
870 3655 990 3700 centrum
1003 3647 1088 3700 Terrae
1100 3654 1174 3718 quot·

163 3736 240 3789 annis
253 3735 385 3802 transiret,
401 3755 448 3811 per
461 3757 516 3800 sese
526 3741 716 3796 evidentissime
731 3739 885 3802 absurdam,
899 3751 989 3794 auctor
998 3740 1076 3810 longe
1087 3738 1174 3811 petitis

165 3827 329 3904 infirmisque
342 3828 444 3885 lacessit
456 3833 628 3908 argumentis,
643 3851 700 3907 que
710 3833 939 3906 praetermittimus.
