2958 4824
455 409 512 469 ua
535 385 830 470 asraououn.
1085 409 1145 470 asa

140 550 193 605 ter
208 532 312 606 abire.
332 531 460 602 Rursus
475 545 630 603 centrum
649 562 666 603 o
685 532 834 604 delatum
853 529 956 606 fuerit
973 555 1035 626 per
1052 555 1149 626 quar-

142 669 213 725 tam
232 654 379 724 ambitus
396 667 529 747 partem
548 677 663 726 arcum
682 681 733 734 ον,
754 667 787 722 et
802 652 1009 724 transtulerit
1025 662 1071 721 λπ
1088 655 1150 721 cir·

142 776 260 850 culum
270 776 306 844 in
317 775 483 845 circulum
494 783 537 864 φν
546 804 558 856 t
569 773 628 844 Sol
638 790 753 846 autem
761 797 825 868 per
835 787 992 869 quartam
1003 773 1149 844 ambitus

141 911 275 992 partem
289 909 402 967 motus
414 894 515 966 fuerit
530 913 647 964 arcum
663 897 703 964 zi
722 925 728 963 :
747 898 811 966 erit
824 895 860 963 in
874 923 906 975 υ,
924 895 1022 966 nobis
1035 909 1151 964 autem

144 1015 320 1112 apparebit
340 1020 376 1085 in
394 1046 432 1106 γ,
458 1031 493 1086 et
515 1015 644 1086 delatus
667 1039 737 1086 esse
758 1013 931 1086 videbitur
952 1039 1013 1108 per
1035 1039 1152 1086 arcum

144 1137 269 1209 zodiaci
281 1139 524 1228 ay‚.minorem
538 1162 643 1232 quam
660 1150 792 1231 partem
807 1149 979 1231 quartam,
998 1149 1032 1206 et
1047 1159 1154 1206 acces·

145 1261 224 1328 sisse
240 1256 320 1349 ady
338 1256 443 1327 tarde.
458 1257 586 1337 Rursus
603 1271 768 1354 punctum
791 1257 858 1352 [ν],
877 1257 1077 1327 translatum
1092 1280 1155 1350 per

146 1392 299 1472 quartam
314 1377 462 1449 ambitus
477 1394 609 1473 partem
626 1403 743 1450 arcum
759 1373 811 1460 νξ,
830 1377 1037 1448 transtulerit
1051 1379 1156 1448 circu-

146 1499 220 1568 lum
232 1501 268 1570 in
279 1499 444 1570 circulum
459 1499 525 1592 χψς
543 1497 602 1572 801
618 1513 748 1581 autem,
765 1515 992 1596 perquartam
1007 1498 1155 1572 ambitus

147 1634 279 1714 partem
304 1628 422 1695 arcum
448 1619 593 1701 delatus,
618 1622 660 1690 sit
683 1624 717 1690 in
742 1634 871 1715 puncto
893 1619 918 1705 tl
946 1651 952 1688 :
981 1619 1157 1714 apparebit

148 1764 227 1836 ergo
242 1743 278 1810 in
294 1755 423 1835 puncto
439 1771 478 1822 ω,
497 1755 531 1812 et
544 1740 714 1814 videbitur
730 1743 936 1837 percurrisse
955 1765 1154 1832 ynarcum,
1259 1811 1262 1816 .

147 1862 319 1933 minorem
337 1887 440 1956 quam
461 1877 615 1959 quartam
635 1862 781 1934 ambitus
801 1875 952 1957 partem,
975 1875 1009 1932 et
1025 1860 1157 1932 tardea

149 1997 276 2076 puncto
299 2014 322 2074 γ
344 1983 447 2054 abira.
472 1983 629 2054 Tandem
651 2002 808 2056 centrum
832 1977 867 2065 ξ,
892 1982 1075 2054 deveniens
1097 2007 1160 2079 per

150 2116 305 2195 quartam
321 2103 468 2178 ambitus
483 2118 615 2198 partem
630 2129 748 2174 arcum
764 2097 820 2191 Εμ.
836 2105 1020 2175 restituerit
1033 2102 1083 2194 ‘lx
1100 2105 1161 2173 cir-

152 2222 270 2292 culum
286 2225 450 2294 inlocum
464 2226 582 2296 circuli
598 2221 687 2307 εζηκ,
703 2239 804 2320 atque
821 2224 881 2296 Sol
895 2226 983 2319 ipse,
1004 2247 1161 2296 emensus

153 2343 300 2414 similam
312 2369 429 2418 arcum
438 2347 502 2440 ψχ,
514 2350 688 2419 restitutus
698 2347 886 2427 ferentina,
902 2370 1066 2442 apparens
1075 2349 1111 2416 in
1124 2375 1158 2415 a:

153 2479 237 2534 tunc
258 2467 516 2540 etiamdalatus
539 2495 610 2540 asse
632 2469 805 2540 videbitur
826 2493 887 2564 per
909 2467 973 2538 nic
994 2472 1160 2565 majorem

155 2586 278 2682 [quam
297 2603 452 2684 quartam
470 2591 619 2686 partem]
637 2590 764 2662 zodiaci
778 2615 910 2669 arcum,
928 2604 961 2660 et
977 2589 1162 2660 accelerare

189 2789 208 2819 ¹⁸
229 2790 262 2850 In
277 2793 376 2852 codice
391 2794 659 2856 anastasianam.

188 2889 208 2920 ¹⁵
231 2893 265 2952 ln
280 2895 379 2954 codice
393 2895 499 2977 legitur
513 2907 626 2955 tantum
641 2896 671 2970 ψ.

188 2993 210 3022 ¹⁶
232 2995 266 3054 ln
280 2997 379 3057 codice
394 2998 512 3080 signum
527 2998 611 3058 Solis.
627 2997 701 3058 Vide
715 2997 859 3057 Tabulam
874 3019 907 3066 a,
921 3003 952 3054 η·
970 3018 1015 3055 11.

190 3093 210 3124 ¹⁷
232 3097 266 3156 ln
282 3099 380 3159 codice
395 3101 432 3163 θ’
446 3105 546 3178 ὁμοίαν
557 3126 562 3158 :
574 3100 655 3182 quod
663 3099 743 3160 haud
757 3101 815 3162 scio
827 3119 864 3159 an
873 3110 970 3159 ortum
981 3099 1017 3157 sit
1029 3117 1045 3157 e
1055 3081 1164 3175 δμ-οἶαν,

158 3196 190 3255 id
205 3209 247 3286 est
260 3207 523 3282 τεταρτημοριαίαν.

193 3297 213 3327 ¹⁸
235 3299 268 3358 ln
284 3302 381 3362 codice
396 3303 418 3377 ψ
433 3315 555 3364 tantum.

193 3401 214 3430 ¹⁹
236 3401 270 3460 ln
285 3404 382 3464 codice
398 3417 440 3466 ast
459 3409 609 3486 ένηνέχθει
627 3407 703 3487 (sic).
719 3405 898 3466 lniinitirum
918 3408 1065 3486 ταχύνειν,
1086 3405 1167 3486 quod

159 3524 228 3563 mot
242 3506 382 3586 sequitur,
399 3508 465 3566 satis
480 3509 588 3568 indicat
599 3530 681 3569 voces
697 3511 848 3588 ἐνηνέχθαι
860 3505 937 3573 δόξει
949 3505 1066 3566 malain
1077 3527 1167 3565 unam

161 3606 311 3668 coaluisse.
327 3609 395 3669 Post
409 3614 572 3692 ἐνηνέχθει,
589 3611 793 3694 compendiose
808 3612 948 3694 scriptum
962 3621 1005 3670 est
1019 3618 1078 3680 τῆς.
1094 3609 1168 3671 Vide

160 3707 304 3769 Tabulam
319 3705 351 3779 a,
366 3717 398 3769 n⁰
413 3711 462 3772 38.
475 3713 517 3773 Cf.
531 3719 562 3772 n⁰
575 3715 625 3798 39.
640 3713 697 3775 Sed
709 3713 868 3796 legendum
877 3717 939 3784 τήν.
954 3713 1031 3772 Nam
1039 3709 1097 3772 ωδα
1107 3713 1169 3794 ipse

162 3821 205 3869 est
217 3811 324 3870 zodiaci
339 3832 423 3872 arcus
437 3835 526 3894 quem
541 3813 591 3874 Sol
605 3817 714 3876 interea
729 3835 901 3898 percurrere
915 3814 1038 3874 videtur.
