<?xml version="1.0" encoding="UTF-8"?>
<!DOCTYPE html PUBLIC "-//W3C//DTD XHTML 1.0 Transitional//EN"
    "http://www.w3.org/TR/xhtml1/DTD/xhtml1-transitional.dtd">
<html xmlns="http://www.w3.org/1999/xhtml" xml:lang="en" lang="en">
 <head>
  <title>
</title>
<meta http-equiv="Content-Type" content="text/html;charset=utf-8" />
  <meta name='ocr-system' content='tesseract 3.04.00' />
  <meta name='ocr-capabilities' content='ocr_page ocr_carea ocr_par ocr_line ocrx_word'/>
</head>
<body>
  <div class='ocr_page' id='page_1' title='image "./theonissmyrnaei00calcgoog_0129.png"; bbox 0 0 2970 4822; ppageno 0'>
   <div class='ocr_carea' id='block_1_1' title="bbox 467 425 1160 490">
    <p class='ocr_par' dir='ltr' id='par_1_1' title="bbox 467 425 1160 490">
     <span class='ocr_line' id='line_1_1' title="bbox 467 425 1160 490; baseline 0 -1"><span class='ocrx_word' id='word_1_1' title='bbox 467 427 523 490; x_wconf 87' lang='lat' dir='ltr'><strong>DE</strong></span> <span class='ocrx_word' id='word_1_2' title='bbox 546 425 842 488; x_wconf 76' lang='lat' dir='ltr'><strong>Asnaonottta.</strong></span> <span class='ocrx_word' id='word_1_3' title='bbox 1102 429 1160 490; x_wconf 75' lang='lat'><strong>113</strong></span> 
     </span>
    </p>
   </div>
   <div class='ocr_carea' id='block_1_2' title="bbox 150 549 1191 2552">
    <p class='ocr_par' dir='ltr' id='par_1_2' title="bbox 150 549 1162 868">
     <span class='ocr_line' id='line_1_2' title="bbox 151 549 1160 642; baseline -0.005 -22"><span class='ocrx_word' id='word_1_4' title='bbox 151 554 221 620; x_wconf 87' lang='lat' dir='ltr'><strong>fieri</strong></span> <span class='ocrx_word' id='word_1_5' title='bbox 242 575 333 642; x_wconf 85' lang='lat' dir='ltr'><strong>posse</strong></span> <span class='ocrx_word' id='word_1_6' title='bbox 353 551 445 620; x_wconf 84' lang='lat' dir='ltr'><strong>facile</strong></span> <span class='ocrx_word' id='word_1_7' title='bbox 466 551 679 624; x_wconf 87' lang='lat' dir='ltr'><strong>demonstrat,</strong></span> <span class='ocrx_word' id='word_1_8' title='bbox 703 549 844 639; x_wconf 83' lang='lat' dir='ltr'><strong>neglecta</strong></span> <span class='ocrx_word' id='word_1_9' title='bbox 868 549 1104 618; x_wconf 76' lang='lat' dir='ltr'><strong>restitutionum</strong></span> <span class='ocrx_word' id='word_1_10' title='bbox 1125 549 1160 616; x_wconf 91' lang='lat' dir='ltr'><strong>iu</strong></span> 
     </span>
     <span class='ocr_line' id='line_1_3' title="bbox 150 663 1162 754; baseline -0.002 -22"><span class='ocrx_word' id='word_1_11' title='bbox 150 666 400 754; x_wconf 82' lang='lat' dir='ltr'><strong>longitudinem,</strong></span> <span class='ocrx_word' id='word_1_12' title='bbox 421 665 625 732; x_wconf 87' lang='lat' dir='ltr'><strong>latitudinem</strong></span> <span class='ocrx_word' id='word_1_13' title='bbox 647 674 678 730; x_wconf 89' lang='lat' dir='ltr'><strong>et</strong></span> <span class='ocrx_word' id='word_1_14' title='bbox 699 663 903 730; x_wconf 78' lang='lat' dir='ltr'><strong>altitudinem</strong></span> <span class='ocrx_word' id='word_1_15' title='bbox 925 685 1039 752; x_wconf 81' lang='lat' dir='ltr'><strong>parva,</strong></span> <span class='ocrx_word' id='word_1_16' title='bbox 1062 685 1162 752; x_wconf 89' lang='lat' dir='ltr'><strong>quam</strong></span> 
     </span>
     <span class='ocr_line' id='line_1_4' title="bbox 150 777 739 868; baseline 0 -24"><span class='ocrx_word' id='word_1_17' title='bbox 150 779 206 845; x_wconf 90' lang='lat' dir='ltr'><strong>ille</strong></span> <span class='ocrx_word' id='word_1_18' title='bbox 223 779 330 866; x_wconf 88' lang='lat' dir='ltr'><strong>ponit,</strong></span> <span class='ocrx_word' id='word_1_19' title='bbox 348 789 533 868; x_wconf 88' lang='lat' dir='ltr'><strong>temporum</strong></span> <span class='ocrx_word' id='word_1_20' title='bbox 549 777 739 846; x_wconf 81' lang='lat' dir='ltr'><strong>differentia.</strong></span> 
     </span>
    </p>

    <p class='ocr_par' dir='ltr' id='par_1_3' title="bbox 152 889 1191 2552">
     <span class='ocr_line' id='line_1_5' title="bbox 198 889 1162 978; baseline -0.001 -22"><span class='ocrx_word' id='word_1_21' title='bbox 198 890 235 956; x_wconf 94' lang='lat' dir='ltr'><strong>Id</strong></span> <span class='ocrx_word' id='word_1_22' title='bbox 251 901 358 956; x_wconf 89' lang='lat' dir='ltr'><strong>autem</strong></span> <span class='ocrx_word' id='word_1_23' title='bbox 371 891 532 958; x_wconf 86' lang='lat' dir='ltr'><strong>notatione</strong></span> <span class='ocrx_word' id='word_1_24' title='bbox 545 891 681 978; x_wconf 87' lang='lat' dir='ltr'><strong>dignum</strong></span> <span class='ocrx_word' id='word_1_25' title='bbox 698 901 761 962; x_wconf 83' lang='lat' dir='ltr'><strong>est,</strong></span> <span class='ocrx_word' id='word_1_26' title='bbox 778 889 866 976; x_wconf 91' lang='lat' dir='ltr'><strong>quod</strong></span> <span class='ocrx_word' id='word_1_27' title='bbox 881 890 916 954; x_wconf 89' lang='lat' dir='ltr'><strong>in</strong></span> <span class='ocrx_word' id='word_1_28' title='bbox 929 890 1039 978; x_wconf 87' lang='lat' dir='ltr'><strong>capitis</strong></span> <span class='ocrx_word' id='word_1_29' title='bbox 1054 889 1162 962; x_wconf 85' lang='lat' dir='ltr'><strong>initio.</strong></span> 
     </span>
     <span class='ocr_line' id='line_1_6' title="bbox 153 995 1191 1092; baseline 0.001 -24"><span class='ocrx_word' id='word_1_30' title='bbox 153 1026 227 1069; x_wconf 90' lang='lat' dir='ltr'><strong>cnm</strong></span> <span class='ocrx_word' id='word_1_31' title='bbox 243 1005 412 1072; x_wconf 84' lang='lat' dir='ltr'><strong>Ptolemaeo</strong></span> <span class='ocrx_word' id='word_1_32' title='bbox 430 1017 462 1070; x_wconf 91' lang='lat' dir='ltr'><strong>et</strong></span> <span class='ocrx_word' id='word_1_33' title='bbox 477 1002 712 1069; x_wconf 77' lang='lat' dir='ltr'><strong>mathematicis</strong></span> <span class='ocrx_word' id='word_1_34' title='bbox 727 1002 940 1076; x_wconf 87' lang='lat' dir='ltr'><strong>consentiens,</strong></span> <span class='ocrx_word' id='word_1_35' title='bbox 956 1025 1027 1068; x_wconf 87' lang='lat' dir='ltr'><strong>eam</strong></span> <span class='ocrx_word' id='word_1_36' title='bbox 1043 1001 1164 1092; x_wconf 85' lang='lat' dir='ltr'><strong>opinio-</strong></span> <span class='ocrx_word' id='word_1_37' title='bbox 1183 995 1191 1040; x_wconf 88' lang='lat'><strong>¹</strong></span> 
     </span>
     <span class='ocr_line' id='line_1_7' title="bbox 153 1114 1165 1206; baseline 0.002 -26"><span class='ocrx_word' id='word_1_38' title='bbox 153 1139 229 1181; x_wconf 91' lang='lat' dir='ltr'><strong>uem</strong></span> <span class='ocrx_word' id='word_1_39' title='bbox 245 1119 374 1206; x_wconf 81' lang='lat' dir='ltr'><strong>probat,</strong></span> <span class='ocrx_word' id='word_1_40' title='bbox 387 1141 453 1205; x_wconf 88' lang='lat' dir='ltr'><strong>qua</strong></span> <span class='ocrx_word' id='word_1_41' title='bbox 464 1116 547 1184; x_wconf 87' lang='lat' dir='ltr'><strong>Solis</strong></span> <span class='ocrx_word' id='word_1_42' title='bbox 563 1127 595 1180; x_wconf 89' lang='lat' dir='ltr'><strong>et</strong></span> <span class='ocrx_word' id='word_1_43' title='bbox 609 1117 709 1180; x_wconf 87' lang='lat' dir='ltr'><strong>Lunae</strong></span> <span class='ocrx_word' id='word_1_44' title='bbox 720 1125 848 1182; x_wconf 87' lang='lat' dir='ltr'><strong>tautum</strong></span> <span class='ocrx_word' id='word_1_45' title='bbox 858 1127 964 1182; x_wconf 89' lang='lat' dir='ltr'><strong>motus</strong></span> <span class='ocrx_word' id='word_1_46' title='bbox 976 1115 1011 1180; x_wconf 89' lang='lat' dir='ltr'><strong>iu</strong></span> <span class='ocrx_word' id='word_1_47' title='bbox 1023 1114 1165 1206; x_wconf 80' lang='lat' dir='ltr'><strong>epicycio</strong></span> 
     </span>
     <span class='ocr_line' id='line_1_8' title="bbox 152 1227 1166 1315; baseline -0.003 -18"><span class='ocrx_word' id='word_1_48' title='bbox 152 1229 189 1297; x_wconf 89' lang='lat' dir='ltr'><strong>fit</strong></span> <span class='ocrx_word' id='word_1_49' title='bbox 206 1231 382 1296; x_wconf 75' lang='lat' dir='ltr'><strong>oboriente</strong></span> <span class='ocrx_word' id='word_1_50' title='bbox 398 1230 434 1294; x_wconf 92' lang='lat' dir='ltr'><strong>in</strong></span> <span class='ocrx_word' id='word_1_51' title='bbox 447 1229 660 1300; x_wconf 84' lang='lat' dir='ltr'><strong>occidentem,</strong></span> <span class='ocrx_word' id='word_1_52' title='bbox 674 1227 820 1315; x_wconf 88' lang='lat' dir='ltr'><strong>quinque</strong></span> <span class='ocrx_word' id='word_1_53' title='bbox 831 1250 906 1294; x_wconf 90' lang='lat' dir='ltr'><strong>vero</strong></span> <span class='ocrx_word' id='word_1_54' title='bbox 922 1227 1087 1294; x_wconf 88' lang='lat' dir='ltr'><strong>stellarum</strong></span> <span class='ocrx_word' id='word_1_55' title='bbox 1099 1249 1166 1294; x_wconf 90' lang='lat' dir='ltr'><strong>mo-</strong></span> 
     </span>
     <span class='ocr_line' id='line_1_9' title="bbox 153 1335 1166 1429; baseline 0.003 -25"><span class='ocrx_word' id='word_1_56' title='bbox 153 1352 205 1405; x_wconf 89' lang='lat' dir='ltr'><strong>tus</strong></span> <span class='ocrx_word' id='word_1_57' title='bbox 220 1342 309 1408; x_wconf 89' lang='lat' dir='ltr'><strong>idem</strong></span> <span class='ocrx_word' id='word_1_58' title='bbox 326 1335 363 1407; x_wconf 80' lang='lat' dir='ltr'><strong>ah</strong></span> <span class='ocrx_word' id='word_1_59' title='bbox 379 1345 528 1408; x_wconf 84' lang='lat' dir='ltr'><strong>occidente</strong></span> <span class='ocrx_word' id='word_1_60' title='bbox 544 1344 575 1405; x_wconf 83' lang='lat' dir='ltr'><strong>in</strong></span> <span class='ocrx_word' id='word_1_61' title='bbox 592 1344 753 1414; x_wconf 62' lang='lat' dir='ltr'><strong>orientem</strong></span> <span class='ocrx_word' id='word_1_62' title='bbox 769 1339 824 1406; x_wconf 88' lang='lat' dir='ltr'><strong>sed</strong></span> <span class='ocrx_word' id='word_1_63' title='bbox 835 1363 911 1406; x_wconf 85' lang='lat' dir='ltr'><strong>mox</strong></span> <span class='ocrx_word' id='word_1_64' title='bbox 927 1340 961 1406; x_wconf 92' lang='lat' dir='ltr'><strong>iu</strong></span> <span class='ocrx_word' id='word_1_65' title='bbox 977 1340 1087 1429; x_wconf 89' lang='lat' dir='ltr'><strong>capitis</strong></span> <span class='ocrx_word' id='word_1_66' title='bbox 1100 1340 1166 1408; x_wconf 85' lang='lat' dir='ltr'><strong>fine</strong></span> 
     </span>
     <span class='ocr_line' id='line_1_10' title="bbox 154 1451 1165 1540; baseline 0.001 -23"><span class='ocrx_word' id='word_1_67' title='bbox 154 1465 309 1540; x_wconf 89' lang='lat' dir='ltr'><strong>tauquam</strong></span> <span class='ocrx_word' id='word_1_68' title='bbox 335 1454 424 1519; x_wconf 90' lang='lat' dir='ltr'><strong>idem</strong></span> <span class='ocrx_word' id='word_1_69' title='bbox 449 1452 640 1519; x_wconf 87' lang='lat' dir='ltr'><strong>efficientem</strong></span> <span class='ocrx_word' id='word_1_70' title='bbox 666 1451 805 1518; x_wconf 83' lang='lat' dir='ltr'><strong>admittit</strong></span> <span class='ocrx_word' id='word_1_71' title='bbox 828 1451 974 1540; x_wconf 89' lang='lat' dir='ltr'><strong>quinque</strong></span> <span class='ocrx_word' id='word_1_72' title='bbox 1000 1451 1165 1520; x_wconf 82' lang='lat' dir='ltr'><strong>stellarum</strong></span> 
     </span>
     <span class='ocr_line' id='line_1_11' title="bbox 154 1563 1166 1654; baseline 0 -24"><span class='ocrx_word' id='word_1_73' title='bbox 154 1576 280 1630; x_wconf 91' lang='lat' dir='ltr'><strong>motum</strong></span> <span class='ocrx_word' id='word_1_74' title='bbox 302 1565 337 1630; x_wconf 91' lang='lat' dir='ltr'><strong>in</strong></span> <span class='ocrx_word' id='word_1_75' title='bbox 355 1565 532 1631; x_wconf 83' lang='lat' dir='ltr'><strong>excentrico</strong></span> <span class='ocrx_word' id='word_1_76' title='bbox 549 1563 683 1637; x_wconf 88' lang='lat' dir='ltr'><strong>circulo,</strong></span> <span class='ocrx_word' id='word_1_77' title='bbox 701 1585 766 1652; x_wconf 91' lang='lat' dir='ltr'><strong>qno</strong></span> <span class='ocrx_word' id='word_1_78' title='bbox 783 1575 907 1637; x_wconf 87' lang='lat' dir='ltr'><strong>tamen,</strong></span> <span class='ocrx_word' id='word_1_79' title='bbox 926 1565 1046 1652; x_wconf 83' lang='lat' dir='ltr'><strong>absque</strong></span> <span class='ocrx_word' id='word_1_80' title='bbox 1062 1564 1166 1654; x_wconf 78' lang='lat' dir='ltr'><strong>ep&#39;icy·</strong></span> 
     </span>
     <span class='ocr_line' id='line_1_12' title="bbox 154 1675 1167 1766; baseline 0.003 -25"><span class='ocrx_word' id='word_1_81' title='bbox 154 1678 217 1750; x_wconf 89' lang='lat' dir='ltr'><strong>clo,</strong></span> <span class='ocrx_word' id='word_1_82' title='bbox 231 1689 482 1766; x_wconf 86' lang='lat' dir='ltr'><strong>retrogressuum</strong></span> <span class='ocrx_word' id='word_1_83' title='bbox 495 1677 575 1742; x_wconf 88' lang='lat' dir='ltr'><strong>ratio</strong></span> <span class='ocrx_word' id='word_1_84' title='bbox 590 1699 796 1764; x_wconf 81' lang='lat' dir='ltr'><strong>nequaquam</strong></span> <span class='ocrx_word' id='word_1_85' title='bbox 809 1675 900 1744; x_wconf 86' lang='lat' dir='ltr'><strong>reddi</strong></span> <span class='ocrx_word' id='word_1_86' title='bbox 917 1689 1018 1765; x_wconf 89' lang='lat' dir='ltr'><strong>potest</strong></span> <span class='ocrx_word' id='word_1_87' title='bbox 1030 1677 1053 1751; x_wconf 86' lang='lat'><strong>¹,</strong></span> <span class='ocrx_word' id='word_1_88' title='bbox 1066 1677 1167 1766; x_wconf 87' lang='lat' dir='ltr'><strong>etqui</strong></span> 
     </span>
     <span class='ocr_line' id='line_1_13' title="bbox 153 1789 1167 1879; baseline 0.002 -25"><span class='ocrx_word' id='word_1_89' title='bbox 153 1790 284 1856; x_wconf 87' lang='lat' dir='ltr'><strong>tardiori</strong></span> <span class='ocrx_word' id='word_1_90' title='bbox 300 1790 423 1856; x_wconf 79' lang='lat' dir='ltr'><strong>circum</strong></span> <span class='ocrx_word' id='word_1_91' title='bbox 439 1789 620 1879; x_wconf 77' lang='lat' dir='ltr'><strong>epinyclum</strong></span> <span class='ocrx_word' id='word_1_92' title='bbox 636 1789 739 1855; x_wconf 90' lang='lat' dir='ltr'><strong>motui</strong></span> <span class='ocrx_word' id='word_1_93' title='bbox 755 1791 793 1854; x_wconf 79' lang='lat' dir='ltr'><strong>oh</strong></span> <span class='ocrx_word' id='word_1_94' title='bbox 810 1793 924 1856; x_wconf 79' lang='lat' dir='ltr'><strong>oriente</strong></span> <span class='ocrx_word' id='word_1_95' title='bbox 940 1796 971 1856; x_wconf 83' lang='lat' dir='ltr'><strong>in</strong></span> <span class='ocrx_word' id='word_1_96' title='bbox 987 1794 1167 1859; x_wconf 80' lang='lat' dir='ltr'><strong>occidentem</strong></span> 
     </span>
     <span class='ocr_line' id='line_1_14' title="bbox 152 1901 1166 1992; baseline 0.004 -26"><span class='ocrx_word' id='word_1_97' title='bbox 152 1901 400 1990; x_wconf 74' lang='lat' dir='ltr'><strong>aequiparandus</strong></span> <span class='ocrx_word' id='word_1_98' title='bbox 416 1913 475 1968; x_wconf 88' lang='lat' dir='ltr'><strong>est.</strong></span> <span class='ocrx_word' id='word_1_99' title='bbox 487 1903 590 1968; x_wconf 88' lang='lat' dir='ltr'><strong>lmmo</strong></span> <span class='ocrx_word' id='word_1_100' title='bbox 606 1902 726 1968; x_wconf 87' lang='lat' dir='ltr'><strong>veroin</strong></span> <span class='ocrx_word' id='word_1_101' title='bbox 739 1902 841 1991; x_wconf 90' lang='lat' dir='ltr'><strong>capite</strong></span> <span class='ocrx_word' id='word_1_102' title='bbox 854 1925 937 1968; x_wconf 79' lang='lat' dir='ltr'><strong>xxxn</strong></span> <span class='ocrx_word' id='word_1_103' title='bbox 951 1913 1032 1968; x_wconf 89' lang='lat' dir='ltr'><strong>astra</strong></span> <span class='ocrx_word' id='word_1_104' title='bbox 1043 1915 1166 1992; x_wconf 80' lang='lat' dir='ltr'><strong>septem</strong></span> 
     </span>
     <span class='ocr_line' id='line_1_15' title="bbox 154 2014 1167 2102; baseline 0.002 -22"><span class='ocrx_word' id='word_1_105' title='bbox 154 2015 292 2080; x_wconf 84' lang='lat' dir='ltr'><strong>errantia</strong></span> <span class='ocrx_word' id='word_1_106' title='bbox 302 2015 396 2082; x_wconf 81' lang='lat' dir='ltr'><strong>variis</strong></span> <span class='ocrx_word' id='word_1_107' title='bbox 409 2015 543 2102; x_wconf 90' lang='lat' dir='ltr'><strong>quidem</strong></span> <span class='ocrx_word' id='word_1_108' title='bbox 559 2014 787 2090; x_wconf 87' lang='lat' dir='ltr'><strong>celeritatihus,</strong></span> <span class='ocrx_word' id='word_1_109' title='bbox 801 2015 858 2081; x_wconf 91' lang='lat' dir='ltr'><strong>sed</strong></span> <span class='ocrx_word' id='word_1_110' title='bbox 872 2020 974 2082; x_wconf 85' lang='lat' dir='ltr'><strong>omnia</strong></span> <span class='ocrx_word' id='word_1_111' title='bbox 987 2019 1167 2082; x_wconf 79' lang='lat' dir='ltr'><strong>occidentem</strong></span> 
     </span>
     <span class='ocr_line' id='line_1_16' title="bbox 154 2126 1167 2217; baseline 0.006 -29"><span class='ocrx_word' id='word_1_112' title='bbox 154 2149 268 2200; x_wconf 70' lang='lat' dir='ltr'><strong>venus,</strong></span> <span class='ocrx_word' id='word_1_113' title='bbox 282 2127 406 2192; x_wconf 88' lang='lat' dir='ltr'><strong>circum</strong></span> <span class='ocrx_word' id='word_1_114' title='bbox 415 2126 596 2217; x_wconf 81' lang='lat' dir='ltr'><strong>epicyclum</strong></span> <span class='ocrx_word' id='word_1_115' title='bbox 605 2127 727 2193; x_wconf 89' lang='lat' dir='ltr'><strong>moveri</strong></span> <span class='ocrx_word' id='word_1_116' title='bbox 736 2127 884 2194; x_wconf 84' lang='lat' dir='ltr'><strong>declarat.</strong></span> <span class='ocrx_word' id='word_1_117' title='bbox 897 2129 1033 2217; x_wconf 87' lang='lat' dir='ltr'><strong>Nempe,</strong></span> <span class='ocrx_word' id='word_1_118' title='bbox 1047 2129 1167 2195; x_wconf 84' lang='lat' dir='ltr'><strong>mathe-</strong></span> 
     </span>
     <span class='ocr_line' id='line_1_17' title="bbox 154 2231 1167 2332; baseline 0.007 -30"><span class='ocrx_word' id='word_1_119' title='bbox 154 2235 287 2302; x_wconf 87' lang='lat' dir='ltr'><strong>maticos</strong></span> <span class='ocrx_word' id='word_1_120' title='bbox 306 2231 508 2326; x_wconf 86' lang='lat' dir='ltr'><strong>relinquens,</strong></span> <span class='ocrx_word' id='word_1_121' title='bbox 533 2262 614 2327; x_wconf 87' lang='lat' dir='ltr'><strong>quos</strong></span> <span class='ocrx_word' id='word_1_122' title='bbox 634 2249 727 2306; x_wconf 88' lang='lat' dir='ltr'><strong>antea</strong></span> <span class='ocrx_word' id='word_1_123' title='bbox 748 2252 873 2306; x_wconf 85' lang='lat' dir='ltr'><strong>secutus</strong></span> <span class='ocrx_word' id='word_1_124' title='bbox 890 2241 1009 2316; x_wconf 87' lang='lat' dir='ltr'><strong>fuerat,</strong></span> <span class='ocrx_word' id='word_1_125' title='bbox 1030 2241 1167 2332; x_wconf 80' lang='lat' dir='ltr'><strong>philoso</strong></span> 
     </span>
     <span class='ocr_line' id='line_1_18' title="bbox 155 2349 1168 2443; baseline 0.006 -29"><span class='ocrx_word' id='word_1_126' title='bbox 155 2349 237 2437; x_wconf 93' lang='lat' dir='ltr'><strong>phos</strong></span> <span class='ocrx_word' id='word_1_127' title='bbox 263 2371 335 2415; x_wconf 84' lang='lat' dir='ltr'><strong>eam</strong></span> <span class='ocrx_word' id='word_1_128' title='bbox 362 2351 566 2440; x_wconf 79' lang='lat' dir='ltr'><strong>hypothesim</strong></span> <span class='ocrx_word' id='word_1_129' title='bbox 593 2363 749 2440; x_wconf 88' lang='lat' dir='ltr'><strong>tanquam</strong></span> <span class='ocrx_word' id='word_1_130' title='bbox 777 2377 887 2420; x_wconf 88' lang='lat' dir='ltr'><strong>rerum</strong></span> <span class='ocrx_word' id='word_1_131' title='bbox 916 2365 1037 2420; x_wconf 77' lang='lat' dir='ltr'><strong>naturae</strong></span> <span class='ocrx_word' id='word_1_132' title='bbox 1065 2355 1168 2443; x_wconf 83' lang='lat' dir='ltr'><strong>magis</strong></span> 
     </span>
     <span class='ocr_line' id='line_1_19' title="bbox 156 2464 817 2552; baseline 0.003 -24"><span class='ocrx_word' id='word_1_133' title='bbox 156 2474 402 2530; x_wconf 83' lang='lat' dir='ltr'><strong>consentaneam</strong></span> <span class='ocrx_word' id='word_1_134' title='bbox 419 2464 580 2552; x_wconf 70' lang='lat' dir='ltr'><strong>amplexos</strong></span> <span class='ocrx_word' id='word_1_135' title='bbox 598 2474 723 2530; x_wconf 85' lang='lat' dir='ltr'><strong>secutus</strong></span> <span class='ocrx_word' id='word_1_136' title='bbox 740 2476 787 2528; x_wconf 87' lang='lat' dir='ltr'><strong>est</strong></span> <span class='ocrx_word' id='word_1_137' title='bbox 795 2467 817 2530; x_wconf 78' lang='lat'><strong>².</strong></span> 
     </span>
    </p>
   </div>
   <div class='ocr_carea' id='block_1_3' title="bbox 623 2647 796 2705">
    <p class='ocr_par' dir='ltr' id='par_1_4' title="bbox 623 2647 796 2705">
     <span class='ocr_line' id='line_1_20' title="bbox 623 2647 796 2705; baseline 0.023 -3"><span class='ocrx_word' id='word_1_138' title='bbox 623 2647 701 2705; x_wconf 84' lang='lat' dir='ltr'><strong>slo.</strong></span> <span class='ocrx_word' id='word_1_139' title='bbox 795 2689 796 2696; x_wconf 24' lang='grc' dir='ltr'><strong>κ</strong></span> 
     </span>
    </p>
   </div>
   <div class='ocr_carea' id='block_1_4' title="bbox 382 2778 937 2820">
    <p class='ocr_par' dir='ltr' id='par_1_5' title="bbox 382 2778 937 2820">
     <span class='ocr_line' id='line_1_21' title="bbox 382 2778 937 2820; baseline 0.004 -4"><span class='ocrx_word' id='word_1_140' title='bbox 382 2779 416 2816; x_wconf 72' lang='lat' dir='ltr'><strong>DE</strong></span> <span class='ocrx_word' id='word_1_141' title='bbox 435 2778 563 2818; x_wconf 68' lang='lat' dir='ltr'>RODORUH</span> <span class='ocrx_word' id='word_1_142' title='bbox 583 2780 614 2816; x_wconf 76' lang='lat' dir='ltr'><strong>ET</strong></span> <span class='ocrx_word' id='word_1_143' title='bbox 634 2779 797 2818; x_wconf 61' lang='lat' dir='ltr'>APOGBORU!</span> <span class='ocrx_word' id='word_1_144' title='bbox 816 2781 937 2820; x_wconf 65' lang='lat' dir='ltr'><strong>lomus.</strong></span> 
     </span>
    </p>
   </div>
   <div class='ocr_carea' id='block_1_5' title="bbox 157 2914 1169 3568">
    <p class='ocr_par' dir='ltr' id='par_1_6' title="bbox 157 2914 1169 3568">
     <span class='ocr_line' id='line_1_22' title="bbox 202 2914 1167 3004; baseline 0.003 -25"><span class='ocrx_word' id='word_1_145' title='bbox 202 2914 298 2991; x_wconf 89' lang='lat' dir='ltr'><strong>Quod</strong></span> <span class='ocrx_word' id='word_1_146' title='bbox 309 2915 350 2996; x_wconf 90' lang='lat' dir='ltr'><strong>ad</strong></span> <span class='ocrx_word' id='word_1_147' title='bbox 362 2915 489 2980; x_wconf 83' lang='lat' dir='ltr'><strong>Lunam</strong></span> <span class='ocrx_word' id='word_1_148' title='bbox 500 2919 634 3003; x_wconf 88' lang='lat' dir='ltr'><strong>spectat,</strong></span> <span class='ocrx_word' id='word_1_149' title='bbox 651 2914 861 2980; x_wconf 81' lang='lat' dir='ltr'><strong>Ptolemaeus³</strong></span> <span class='ocrx_word' id='word_1_150' title='bbox 874 2915 1011 2982; x_wconf 86' lang='lat' dir='ltr'><strong>ostendit</strong></span> <span class='ocrx_word' id='word_1_151' title='bbox 1022 2928 1167 3004; x_wconf 88' lang='lat' dir='ltr'><strong>oportere</strong></span> 
     </span>
     <span class='ocr_line' id='line_1_23' title="bbox 157 3025 1167 3116; baseline 0.006 -26"><span class='ocrx_word' id='word_1_152' title='bbox 157 3037 193 3090; x_wconf 90' lang='lat' dir='ltr'><strong>ut</strong></span> <span class='ocrx_word' id='word_1_153' title='bbox 209 3027 360 3116; x_wconf 87' lang='lat' dir='ltr'><strong>obliquus</strong></span> <span class='ocrx_word' id='word_1_154' title='bbox 376 3050 450 3114; x_wconf 83' lang='lat' dir='ltr'><strong>erga</strong></span> <span class='ocrx_word' id='word_1_155' title='bbox 463 3025 647 3114; x_wconf 88' lang='lat' dir='ltr'><strong>eclipticum</strong></span> <span class='ocrx_word' id='word_1_156' title='bbox 663 3027 819 3102; x_wconf 86' lang='lat' dir='ltr'><strong>circulus.</strong></span> <span class='ocrx_word' id='word_1_157' title='bbox 832 3028 924 3114; x_wconf 87' lang='lat' dir='ltr'><strong>cujus</strong></span> <span class='ocrx_word' id='word_1_158' title='bbox 940 3028 1079 3098; x_wconf 85' lang='lat' dir='ltr'><strong>ambitus</strong></span> <span class='ocrx_word' id='word_1_159' title='bbox 1096 3053 1167 3096; x_wconf 89' lang='lat' dir='ltr'><strong>cen·</strong></span> 
     </span>
     <span class='ocr_line' id='line_1_24' title="bbox 157 3139 1168 3228; baseline 0.004 -26"><span class='ocrx_word' id='word_1_160' title='bbox 157 3149 207 3202; x_wconf 95' lang='lat' dir='ltr'><strong>tro</strong></span> <span class='ocrx_word' id='word_1_161' title='bbox 217 3139 351 3226; x_wconf 84' lang='lat' dir='ltr'><strong>epicycli</strong></span> <span class='ocrx_word' id='word_1_162' title='bbox 364 3140 404 3204; x_wconf 86' lang='lat' dir='ltr'><strong>ab</strong></span> <span class='ocrx_word' id='word_1_163' title='bbox 416 3139 580 3206; x_wconf 89' lang='lat' dir='ltr'><strong>occidente</strong></span> <span class='ocrx_word' id='word_1_164' title='bbox 592 3139 627 3203; x_wconf 89' lang='lat' dir='ltr'><strong>in</strong></span> <span class='ocrx_word' id='word_1_165' title='bbox 640 3139 796 3204; x_wconf 89' lang='lat' dir='ltr'><strong>orientem</strong></span> <span class='ocrx_word' id='word_1_166' title='bbox 808 3139 1015 3228; x_wconf 85' lang='lat' dir='ltr'><strong>percurritur,</strong></span> <span class='ocrx_word' id='word_1_167' title='bbox 1024 3141 1168 3207; x_wconf 87' lang='lat' dir='ltr'><strong>volvatur</strong></span> 
     </span>
     <span class='ocr_line' id='line_1_25' title="bbox 157 3251 1167 3341; baseline 0.005 -27"><span class='ocrx_word' id='word_1_168' title='bbox 157 3251 226 3337; x_wconf 86' lang='lat' dir='ltr'><strong>ipse</strong></span> <span class='ocrx_word' id='word_1_169' title='bbox 254 3251 294 3316; x_wconf 89' lang='lat' dir='ltr'><strong>ab</strong></span> <span class='ocrx_word' id='word_1_170' title='bbox 318 3251 439 3317; x_wconf 90' lang='lat' dir='ltr'><strong>oriente</strong></span> <span class='ocrx_word' id='word_1_171' title='bbox 468 3251 502 3316; x_wconf 92' lang='lat' dir='ltr'><strong>in</strong></span> <span class='ocrx_word' id='word_1_172' title='bbox 526 3251 732 3318; x_wconf 88' lang='lat' dir='ltr'><strong>occidentem.</strong></span> <span class='ocrx_word' id='word_1_173' title='bbox 751 3252 871 3316; x_wconf 86' lang='lat' dir='ltr'><strong>circum</strong></span> <span class='ocrx_word' id='word_1_174' title='bbox 897 3275 988 3318; x_wconf 81' lang='lat' dir='ltr'><strong>axem</strong></span> <span class='ocrx_word' id='word_1_175' title='bbox 1009 3253 1167 3341; x_wconf 86' lang='lat' dir='ltr'><strong>ecliptici,</strong></span> 
     </span>
     <span class='ocr_line' id='line_1_26' title="bbox 158 3363 1169 3452; baseline 0.005 -24"><span class='ocrx_word' id='word_1_176' title='bbox 158 3374 255 3450; x_wconf 88' lang='lat' dir='ltr'><strong>atque</strong></span> <span class='ocrx_word' id='word_1_177' title='bbox 271 3363 314 3428; x_wconf 90' lang='lat' dir='ltr'><strong>ita</strong></span> <span class='ocrx_word' id='word_1_178' title='bbox 331 3365 489 3436; x_wconf 85' lang='lat' dir='ltr'><strong>nodorum,</strong></span> <span class='ocrx_word' id='word_1_179' title='bbox 505 3387 604 3452; x_wconf 89' lang='lat' dir='ltr'><strong>quem</strong></span> <span class='ocrx_word' id='word_1_180' title='bbox 622 3375 749 3437; x_wconf 86' lang='lat' dir='ltr'><strong>vocant,</strong></span> <span class='ocrx_word' id='word_1_181' title='bbox 769 3378 879 3429; x_wconf 86' lang='lat' dir='ltr'><strong>motum</strong></span> <span class='ocrx_word' id='word_1_182' title='bbox 896 3365 976 3431; x_wconf 87' lang='lat' dir='ltr'><strong>fieri.</strong></span> <span class='ocrx_word' id='word_1_183' title='bbox 993 3367 1087 3432; x_wconf 88' lang='lat' dir='ltr'><strong>Hunc</strong></span> <span class='ocrx_word' id='word_1_184' title='bbox 1103 3389 1169 3432; x_wconf 80' lang='lat' dir='ltr'><strong>mo</strong></span> 
     </span>
     <span class='ocr_line' id='line_1_27' title="bbox 158 3475 1169 3568; baseline 0.005 -28"><span class='ocrx_word' id='word_1_185' title='bbox 158 3487 246 3548; x_wconf 88' lang='lat' dir='ltr'><strong>tum,</strong></span> <span class='ocrx_word' id='word_1_186' title='bbox 261 3475 442 3563; x_wconf 87' lang='lat' dir='ltr'><strong>Hipparcho</strong></span> <span class='ocrx_word' id='word_1_187' title='bbox 464 3489 495 3542; x_wconf 91' lang='lat' dir='ltr'><strong>et</strong></span> <span class='ocrx_word' id='word_1_188' title='bbox 510 3478 613 3544; x_wconf 89' lang='lat' dir='ltr'><strong>multo</strong></span> <span class='ocrx_word' id='word_1_189' title='bbox 634 3477 795 3565; x_wconf 89' lang='lat' dir='ltr'><strong>prioribus</strong></span> <span class='ocrx_word' id='word_1_190' title='bbox 816 3477 1048 3545; x_wconf 83' lang='lat' dir='ltr'><strong>mathematicis</strong></span> <span class='ocrx_word' id='word_1_191' title='bbox 1065 3479 1169 3568; x_wconf 73' lang='lat' dir='ltr'><strong>cogni·</strong></span> 
     </span>
    </p>
   </div>
   <div class='ocr_carea' id='block_1_6' title="bbox 196 3623 1022 3904">
    <p class='ocr_par' dir='ltr' id='par_1_7' title="bbox 196 3623 1022 3904">
     <span class='ocr_line' id='line_1_28' title="bbox 196 3623 1022 3715; baseline 0.001 -21"><span class='ocrx_word' id='word_1_192' title='bbox 196 3623 1022 3715; x_wconf 42' lang='lat' dir='ltr'><strong>1mwmmmmmns*</strong></span> 
     </span>
     <span class='ocr_line' id='line_1_29' title="bbox 196 3733 441 3791; baseline 0 -3"><span class='ocrx_word' id='word_1_193' title='bbox 196 3737 207 3766; x_wconf 77' lang='lat'>²</span> <span class='ocrx_word' id='word_1_194' title='bbox 228 3733 291 3788; x_wconf 88' lang='lat' dir='ltr'><strong>Vide</strong></span> <span class='ocrx_word' id='word_1_195' title='bbox 304 3736 397 3788; x_wconf 76' lang='lat' dir='ltr'><strong>Notum</strong></span> <span class='ocrx_word' id='word_1_196' title='bbox 410 3753 441 3791; x_wconf 85' lang='lat' dir='ltr'><strong>rr.</strong></span> 
     </span>
     <span class='ocr_line' id='line_1_30' title="bbox 198 3827 895 3904; baseline 0.003 -22"><span class='ocrx_word' id='word_1_197' title='bbox 198 3832 207 3864; x_wconf 74' lang='lat'><strong>⁸</strong></span> <span class='ocrx_word' id='word_1_198' title='bbox 228 3829 310 3902; x_wconf 85' lang='lat' dir='ltr'><strong>Gomp.</strong></span> <span class='ocrx_word' id='word_1_199' title='bbox 325 3827 399 3882; x_wconf 82' lang='lat' dir='ltr'><strong>moth.</strong></span> <span class='ocrx_word' id='word_1_200' title='bbox 415 3828 447 3892; x_wconf 81' lang='lat' dir='ltr'><strong>V,</strong></span> <span class='ocrx_word' id='word_1_201' title='bbox 463 3848 491 3890; x_wconf 76' lang='lat' dir='ltr'><strong>a,</strong></span> <span class='ocrx_word' id='word_1_202' title='bbox 506 3840 524 3881; x_wconf 89' lang='lat' dir='ltr'><strong>t.</strong></span> <span class='ocrx_word' id='word_1_203' title='bbox 535 3830 559 3892; x_wconf 84' lang='grc' dir='ltr'><strong>Ι,</strong></span> <span class='ocrx_word' id='word_1_204' title='bbox 574 3850 599 3903; x_wconf 91' lang='lat' dir='ltr'><strong>p.</strong></span> <span class='ocrx_word' id='word_1_205' title='bbox 616 3833 670 3884; x_wconf 75' lang='lat'><strong>288</strong></span> <span class='ocrx_word' id='word_1_206' title='bbox 682 3841 708 3884; x_wconf 90' lang='lat' dir='ltr'><strong>et</strong></span> <span class='ocrx_word' id='word_1_207' title='bbox 719 3849 775 3904; x_wconf 86' lang='lat' dir='ltr'><strong>sqq.</strong></span> <span class='ocrx_word' id='word_1_208' title='bbox 786 3831 895 3884; x_wconf 80' lang='lat' dir='ltr'><strong>Haimae.</strong></span> 
     </span>
    </p>
   </div>
   <div class='ocr_carea' id='block_1_7' title="bbox 999 3943 1018 3998">
    <p class='ocr_par' dir='ltr' id='par_1_8' title="bbox 999 3943 1018 3998">
     <span class='ocr_line' id='line_1_31' title="bbox 999 3943 1018 3998; baseline 0 0"><span class='ocrx_word' id='word_1_209' title='bbox 999 3943 1018 3998; x_wconf 88' lang='lat'>8</span> 
     </span>
    </p>
   </div>
   <div class='ocr_carea' id='block_1_8' title="bbox 0 0 1501 4822">
    <p class='ocr_par' dir='ltr' id='par_1_9' title="bbox 0 0 1501 4822">
     <span class='ocr_line' id='line_1_32' title="bbox 0 0 1501 4822; baseline 0 0"><span class='ocrx_word' id='word_1_210' title='bbox 0 0 1501 4822; x_wconf 95' lang='lat' dir='ltr'><strong> </strong></span> 
     </span>
    </p>
   </div>
  </div>
 </body>
</html>
