2992 4822
326 410 368 474 52
621 406 814 468 THEONIS
833 407 1039 468 SMYRNAEl

800 567 858 623 St.

145 728 275 786 apum.
373 701 485 766 Theon
495 701 516 772 ¹,
531 712 601 788 post
611 699 795 774 Adrastum,
809 713 963 767 asseverat
972 701 1180 768 Prruaoonsu
1192 703 1336 792 primum

325 813 515 879 intellexisse
536 813 608 878 ideo
628 813 834 904 inaequabiles
855 813 1088 902 mutabilesque
1104 815 1205 881 videri
1230 838 1335 882 erran-

326 925 408 990 tium
426 937 583 990 astrorum
600 939 718 1002 motus,
738 928 826 1015 quod
841 927 875 992 in
893 927 1030 1016 propriis
1047 928 1173 994 circulis
1188 928 1337 1017 propriis·
1364 911 1369 918 ⁴

326 1061 391 1126 que
412 1037 544 1126 sphaeris
565 1037 687 1126 alligata
709 1053 740 1106 et
765 1039 828 1106 illis
849 1052 950 1113 mota,
973 1039 1064 1105 nohis
1087 1063 1146 1129 per
1170 1039 1337 1106 zodiacum

325 1151 494 1217 videantur
514 1151 643 1218 moveri.
666 1151 730 1218 Sed
752 1153 855 1240 qualis
880 1151 976 1218 luerit
997 1151 1065 1217 haec
1088 1153 1274 1242 Pythagorae
1296 1153 1337 1220 de

325 1264 453 1329 circulis
466 1275 520 1328 aut
532 1263 661 1350 sphaeris
675 1265 851 1330 ooelestibus
864 1265 1023 1338 doctrina,
1041 1276 1097 1330 aut
1115 1265 1201 1331 unde
1219 1278 1251 1332 et
1265 1267 1335 1354 qui·

146 783 276 841 Pythagorei.

326 1377 386 1440 bus
398 1375 584 1441 testimoniis
598 1399 635 1441 ea
646 1377 705 1442 sihi
718 1377 907 1450 innotuerit,
919 1390 1029 1443 auctor
1039 1377 1174 1442 minime
1187 1377 1335 1444 declarat.

325 1489 389 1553 Nec
410 1500 533 1560 tamen,
552 1500 587 1552 ut
602 1487 677 1553 fecit
691 1489 854 1563 Proctus2,
874 1489 1125 1555 excentricorum
1142 1489 1338 1556 circulorum

326 1579 607 1690 epicyclorumque
620 1601 837 1667 inventionem
850 1601 1050 1690 pythagoreis
1063 1601 1189 1676 tribuit;
1204 1602 1260 1668 sed
1272 1626 1337 1669 me·

327 1713 387 1779 rito
403 1713 481 1779 dicit
496 1735 531 1779 es
551 1735 662 1778 eorum
679 1713 786 1779 schola
802 1726 904 1779 ortam
923 1736 988 1779 esse
1005 1715 1192 1802 opinionem
1208 1716 1249 1780 de
1262 1737 1337 1781 con-

326 1839 420 1892 centu
439 1849 537 1914 quem
554 1827 694 1892 motibus
710 1826 775 1891 suis
787 1839 869 1892 astra
884 1827 1019 1892 errantia
1031 1827 1156 1893 efficere
1168 1828 1338 1894 credebau-

326 1952 388 2010 tur.
402 1941 482 2020 Quae
493 1951 599 2005 autem
612 1938 724 2004 Theon
737 1937 851 2004 refert³
864 1939 904 2004 de
914 1962 1027 2005 eorum
1037 1939 1148 2005 ordine
1159 1939 1337 2023 secundum

325 2052 593 2148 pythagoreorum
612 2049 782 2146 quosdam,
802 2051 910 2117 Solem
931 2051 965 2116 in
987 2063 1100 2139 quarto
1121 2051 1241 2118 circulo
1258 2052 1338 2118 loca-

325 2179 395 2231 tum
412 2179 567 2254 tanquam
580 2187 634 2230 cor
648 2162 787 2230 universi
804 2185 870 2230 esse
882 2176 1068 2237 statuentes,
1086 2187 1138 2238 ea,
1152 2155 1287 2232 etsi'non
1300 2189 1338 2231 ex

325 2278 553 2366 antiquissimis
575 2277 716 2342 fontibus
737 2277 835 2364 petita
858 2274 1017 2350 videntur,
1040 2275 1074 2342 id
1096 2289 1204 2342 tamen
1226 2275 1338 2344 confrr-

325 2403 430 2464 mant,
450 2391 537 2480 quod
554 2391 651 2456 alibil
664 2391 734 2477 jam
750 2389 890 2455 diximus
907 2401 938 2453 et
954 2389 1070 2454 melius
1086 2389 1183 2455 etiam
1200 2391 1338 2457 ostende·

326 2504 426 2578 musl,
445 2504 711 2593 pythagoreorum
727 2501 884 2591 plurimos
900 2491 1034 2568 Terram
1051 2502 1086 2567 in
1099 2515 1208 2568 centro
1222 2503 1338 2569 mundi
1359 2581 1361 2588 y

326 2616 526 2682 immobilem
550 2616 704 2682 statuisse.
729 2615 1000 2703 Pythagoreorum
1023 2613 1152 2681 nullum
1175 2615 1210 2680 in
1230 2628 1339 2682 centro

327 2727 442 2794 mundi
463 2727 669 2794 immobilem
680 2727 825 2793 statuisse
841 2726 964 2800 Solem,
982 2738 1053 2816 post
1068 2725 1251 2794 ldelerum⁰
1268 2729 1338 2815 jam

327 2841 531 2929 probavimus
539 2843 562 2913 ⁷,
581 2841 642 2906 hac
659 2839 699 2906 de
716 2863 750 2906 re
767 2839 894 2928 plenius
910 2840 1101 2906 tractaturi⁸.

367 2974 374 3002 ¹
395 2971 491 3024 Astron.
505 2988 528 3024 c.
538 2987 609 3032 xxti,
624 2968 668 3022 sol.
684 2990 711 3023 rr
727 2989 752 3024 a.

365 3067 375 3097 ²
389 3067 420 3119 ln
429 3065 617 3139 Hypatypasean
627 3062 843 3118 astronomicarum
850 3063 996 3137 positionum
1003 3065 1091 3126 initio,
1102 3066 1147 3120 uhi
1158 3082 1239 3137 groco
1248 3067 1338 3125 naui,

328 3177 380 3214 uon
393 3170 482 3214 autem
495 3157 596 3214 Home
605 3156 716 3214 versioni
726 3157 925 3212 attendendum.

365 3256 375 3286 ³
395 3253 527 3307 istiuas.
543 3269 585 3314 xv,
599 3250 644 3305 iol.
656 3271 671 3322 7
687 3250 709 3304 b.
723 3251 790 3305 Vide
802 3251 881 3325 hujus
891 3251 958 3306 Dias.
971 3264 1038 3326 part
1052 3254 1091 3312 ll,
1102 3271 1125 3305 c.
1137 3248 1196 3314 sv,S
1213 3255 1253 3306 to.

365 3349 375 3380 ⁴
396 3349 426 3402 ln
439 3363 517 3422 opere
529 3327 620 3400 duda
630 3343 708 3400 susle
723 3343 1230 3421 TimauiPtoios,t.11‚p.101-1r9,

366 3443 375 3472 Ι
395 3441 426 3493 ln
440 3437 552 3494 Historia
563 3437 716 3494 astrunomie
725 3436 838 3512 anaqam

365 3535 375 3566 ⁰
397 3531 472 3587 [labar
482 3530 527 3587 das
544 3529 693 3586 Verhoeltniss
705 3527 746 3585 das
758 3531 904 3606 Gopcrniaus
917 3551 972 3588 zum
986 3530 1145 3597 Attonitum„
1158 3533 1188 3587 in
1202 3531 1269 3590 libro
1284 3531 1340 3584 llu-

327 3643 402 3680 ssam
412 3622 457 3680 der
466 3623 792 3698 Altartlumswisssnscltast,
805 3635 823 3680 t.
834 3627 873 3690 ll,
886 3645 913 3702 p.
928 3627 1057 3698 Spa-ibt.

364 3724 374 3756 ⁷
393 3703 483 3776 duda
495 3716 573 3774 sarta
588 3717 680 3781 Timta,
693 3720 930 3794 o11,p.9a-1or,
943 3731 1008 3794 etp.
1026 3721 1152 3791 ssd-rao.

356 3817 376 3856 ·⁸
395 3813 425 3867 ln
439 3811 551 3868 Historia
564 3810 717 3866 astronomia
729 3811 844 3887 antiqua.
