2958 4824
393 479 397 489 .
462 433 519 494 DE
541 431 836 494 ASTRONOMIA.
1090 436 1152 498 tta

147 573 217 628 tem
235 555 364 628 delatus
378 557 503 652 [motui
518 561 569 627 sui
584 561 685 653 ipsius
700 559 831 638 circuli,
851 556 977 628 tardius
990 557 1033 628 ad
1047 583 1152 654 punc·

146 693 222 748 tum
240 707 257 748 ο
275 677 410 760 feretur,
431 692 464 750 et
481 677 606 749 tardius
623 677 794 750 videbitur
810 681 1014 772 percurrisse
1038 703 1155 751 arcum

148 799 275 870 zodiaci
290 800 339 870 ας.
355 799 384 870 Ε
400 803 569 872 contrario
584 814 714 879 autem.
735 827 753 870 a
771 814 898 895 puncto
916 810 938 870 λ
958 800 1155 896 deveniens]

148 926 183 992 in
199 948 244 1002 ar,
261 921 414 1018 epicyclo
429 935 624 992 transeunte
640 919 682 990 ab
701 949 718 990 c
736 925 770 990 in
790 951 822 1000 a,
843 920 916 1002 sot,
933 945 1012 992 cum
1028 945 1069 992 eo
1084 945 1157 992 cur·

149 1067 228 1113 rens
245 1045 281 1111 in
300 1042 457 1112 eamdem
475 1056 623 1135 partem,
646 1057 780 1111 motum
804 1041 877 1138 [in]
894 1041 1030 1112 zodiaco
1052 1045 1158 1114 inten-

151 1164 232 1234 dere
249 1161 419 1234 videbitur
436 1166 579 1258 proprio
594 1163 715 1234 eodem
737 1187 853 1234 versus
876 1166 988 1234 crusni
1010 1163 1159 1258 quodam

152 1285 258 1357 modo
277 1287 556 1390 consentientem.
576 1283 620 1353 Et
636 1284 799 1365 similiter,
819 1284 864 1354 ab
879 1315 897 1354 υ
914 1283 1044 1356 delatus
1061 1288 1095 1354 in
1115 1293 1158 1374 φ,

153 1407 304 1502 epicyclo
322 1419 516 1476 transeunte
535 1431 553 1474 a
571 1435 588 1473 v
606 1408 641 1474 in
660 1399 682 1483 ξ
688 1461 695 1484 ,
715 1420 877 1500 tanquam
895 1409 1073 1502 proprium
1094 1407 1161 1476 cir·

155 1529 272 1598 cuium
288 1529 510 1621 praeveniens,
530 1531 566 1594 in
585 1525 722 1596 zodiaco
743 1530 844 1596 etiarn
865 1526 1051 1596 accelerare
1068 1525 1160 1596 vide·

153 1650 256 1719 bitur.
270 1648 479 1719 Econtrario
491 1661 622 1728 autem,
638 1671 656 1717 a
672 1663 800 1742 puncto
809 1677 834 1739 χ
848 1648 1030 1719 deveniens
1041 1651 1077 1718 in
1094 1647 1160 1743 [ψ],

152 1785 281 1865 puncto
294 1763 316 1848 ξ
328 1783 523 1840 transeunte
543 1767 611 1863 [in]
631 1798 668 1854 μ,
684 1773 718 1838 in
738 1772 941 1840 contrariam
959 1783 1091 1862 partem
1109 1767 1164 1838 de-

151 1893 239 1962 latus
257 1895 366 1962 motui
384 1894 434 1960 sui
452 1893 555 1984 ipsius
577 1889 708 1971 circuli,
734 1891 870 1960 tardum
892 1893 1096 1984 conspicitur
1116 1888 1163 1959 ia-

153 2017 248 2082 ciens
260 2015 296 2080 in
311 2010 448 2082 zodiaco
462 1991 608 2081 motum.

208 2133 382 2202 Invenitur
397 2147 511 2202 autem
524 2157 640 2201 rursus
657 2133 852 2226 magnitudo
871 2133 1027 2228 epicycli‚
1040 2146 1073 2201 et
1087 2155 1164 2226 pro-

154 2255 270 2349 portio
289 2251 452 2322 distantiae
469 2268 668 2324 ceutronum
687 2253 729 2322 ad
748 2281 783 2330 εη
804 2251 1009 2324 diametrum
1026 2253 1167 2348 epicycli

155 2371 207 2457 εζ,
224 2377 316 2468 prius
330 2376 474 2444 inventae
489 2376 718 2467 proportioni,
739 2373 797 2444 sed
811 2377 965 2456 inversas,
982 2374 1112 2456 similis,
1129 2388 1168 2442 ut

155 2509 210 2566 est
232 2519 394 2566 numerus
419 2499 465 2569 aa
489 2495 533 2564 ad
555 2521 682 2574 unum,
710 2519 771 2589 per
795 2495 1100 2566 considerationem
1125 2495 1167 2564 de

154 2717 334 2800 «multoque
358 2719 468 2778 tardius
489 2719 597 2779 zodiaci
623 2717 723 2778 circuli
748 2724 794 2780 AB
818 2720 966 2800 regionem
992 2717 1169 2778 exiedmatur

155 2821 295 2884 «obiisse.
306 2821 345 2881 Et
355 2843 471 2891 rursus,
483 2820 611 2904 epicydo
624 2819 798 2902 supradicto
810 2832 889 2880 moto
901 2819 939 2879 ad
950 2824 999 2879 ΟΝ
1011 2819 1184 2885 ambitum·

155 2955 168 2981 ι
178 2924 365 2986 soldanum
375 2925 412 2984 ab
422 2931 446 2984 K
457 2923 494 2984 ad
504 2930 528 2985 Η
537 2945 675 3007 pergens,
690 2935 742 2983 etc.
753 2949 764 2978 s
775 2922 819 2983 lbi
834 2934 930 2984 autem
940 2921 1102 2983 notandum
1111 2943 1130 2981 a
1142 2933 1170 2980 et

52 3043 53 3048 ’
156 3030 223 3100 nin
234 3026 360 3108 epicyclc
375 3025 445 3097 εζηκ
460 3027 539 3086 idem
553 3047 628 3094 esse,
644 3026 723 3108 quod
738 3027 768 3084 in
780 3025 836 3085 alio
851 3023 977 3107 epicydo
988 3023 1085 3084 sunit
1096 3034 1125 3082 et
1138 3043 1168 3081 π.

205 3127 217 3156 ¹
238 3127 272 3186 ln
288 3128 386 3187 codice
401 3151 426 3186 τ.

207 3227 218 3257 ³
240 3229 274 3288 ln
289 3229 387 3288 codice
402 3230 482 3291 deest
497 3235 560 3298 ἐπί,
571 3242 599 3288 et
616 3230 723 3311 legitur
735 3234 831 3312 φαρὰν
844 3231 921 3310 (sic).
934 3227 1099 3290 Chalcidius
1114 3248 1172 3290 ver·

160 3335 198 3390 tit
216 3357 221 3388 :
240 3329 327 3390 Citius
341 3331 414 3390 obire
432 3330 541 3392 zodiaci
555 3329 737 3411 quadrantem.

210 3433 219 3460 ⁴
242 3431 276 3489 ln
291 3430 391 3492 codice
405 3440 493 3492 ταῦτα
505 3437 668 3512 γινομένην.

211 3535 221 3562 ⁵
243 3534 277 3593 In
292 3533 390 3593 codice
406 3536 609 3612 capssaivoaca.

210 3639 220 3666 ⁶
244 3636 277 3694 In
293 3635 391 3696 codice
405 3641 439 3695 τὸ
452 3645 475 3712 φ
486 3635 511 3702 ξ’
527 3663 532 3694 :
547 3639 626 3721 quod
638 3641 707 3698 oriri
719 3641 837 3723 potuita
852 3659 935 3721 prava
949 3637 1071 3698 lectione
1084 3641 1134 3694 τοῦ
1148 3633 1171 3700 Ε.

211 3739 221 3767 ⁷
245 3739 279 3798 ln
294 3737 392 3798 codice
406 3737 499 3798 littera
513 3739 536 3814 ψ
551 3739 638 3801 deest.
1169 3737 1178 3748 ”

212 3841 223 3870 ⁸
245 3841 357 3900 Desunt
372 3841 401 3898 in
416 3841 512 3900 codice
527 3863 609 3902 voces
622 3847 670 3902 ἐπὶ
682 3847 723 3902 τὸ,

985 3959 1027 4010 rc.
1096 4027 1100 4032 .
