2964 4824
470 394 526 454 DE
550 393 847 456 ASTRONOMIA.
1105 397 1165 458 303

149 522 274 615 jusque
299 519 489 615 epicyclum
512 521 643 590 moveri
668 522 703 588 in
727 517 858 589 ambitu
884 523 1107 600 concentrici‚
1135 537 1168 590 et

156 641 336 710 erraticum
357 655 483 710 astrum
499 644 535 710 in
552 639 684 710 ambitu
702 641 854 738 epicyoli.

539 797 672 862 [innon
690 795 800 862 onnon

209 903 351 975 Videtur
369 905 470 974 etiam
493 903 587 974 Plato
611 905 781 998 potiorem
804 903 959 974 arbitrari
979 904 1166 974 secundum

156 1026 347 1122 epicyclum
364 1025 598 1121 hypothesim,
619 1051 683 1094 nec
701 1049 783 1096 vero
801 1024 962 1118 sphaeras,
983 1023 1042 1094 sed
1060 1029 1166 1096 circu-

154 1147 206 1218 los
220 1172 305 1228 esse,
322 1146 446 1242 quibus
462 1163 548 1217 astra
562 1149 705 1217 errantia
720 1145 886 1227 seruntur,
902 1149 988 1216 sicut
1001 1161 1035 1217 et
1050 1150 1084 1215 in
1101 1145 1168 1216 fine

157 1269 345 1365 Reipublicae
361 1270 509 1340 invicem
526 1269 658 1338 insertis
675 1267 847 1364 spondylis
866 1293 928 1364 per
946 1271 1088 1364 aenigma
1111 1267 1168 1339 de-

156 1393 271 1461 clarat.
302 1390 414 1462 Utitur
441 1405 553 1461 autem
587 1389 882 1462 communioribus
910 1389 1103 1471 vocabulis,
1137 1405 1170 1458 et

157 1513 302 1606 sphaeras
315 1537 403 1606 saepe
418 1511 518 1582 orbes
530 1538 568 1582 ac
580 1513 692 1605 polos,
709 1527 742 1581 et
756 1537 832 1582 axes
845 1527 945 1584 vocat
957 1513 1064 1607 polos.
1081 1513 1108 1608 [.
1128 1569 1135 1584 .
1154 1569 1160 1580 .
1200 1561 1204 1572 ·

192 1689 770 1708 .......................
790 1635 1130 1728 .............]

521 1790 693 1854 [[Ακιετοτιιιε
711 1805 801 1838 omaro.

196 1891 343 1947 Aristoteles
354 1904 442 1947 auteur
456 1893 519 1948 dicit
530 1917 535 1945 z
546 1893 677 1961 Quasdam
689 1911 744 1946 esse
757 1893 843 1966 quinti
857 1893 972 1968 corporis
986 1893 1097 1966 sphaeras
1110 1911 1170 1945 con-

157 2007 253 2060 gruens
265 2000 313 2050 est,
328 1989 355 2042 in
369 1989 425 2042 coeli
436 1989 550 2044 universi
560 1987 691 2061 profundo
703 1987 765 2040 sitas
775 1998 801 2040 et
812 2005 868 2042 sese
879 1995 1024 2050 moventes,
1036 1986 1082 2040 has
1093 1983 1170 2040 excel-

158 2083 250 2145 siores,
265 2083 322 2136 illas
336 2083 384 2136 sub
398 2083 439 2136 his
452 2081 559 2154 positas,
574 2082 621 2134 has
636 2079 743 2154 quidem
757 2081 880 2152 majores.
895 2081 953 2134 ilias
969 2099 1028 2134 vero
1043 2081 1170 2140 minores,

159 2186 184 2228 et
197 2177 244 2228 has
257 2186 379 2249 praeterea
392 2193 477 2237 cavas,
491 2175 548 2228 illas
559 2175 652 2228 solidas
663 2175 690 2227 in
700 2175 793 2227 harum
804 2193 895 2228 rursus
905 2173 1048 2248 profundo,
1062 2174 1170 2249 quibus,

158 2269 331 2322 inerrantium
342 2287 427 2331 more,
439 2267 517 2322 infixa
530 2269 651 2330 erratica,
666 2267 771 2322 illorum
786 2279 858 2323 motu
872 2269 998 2344 simplici,
1011 2269 1057 2323 aad
1066 2280 1173 2344 propter

159 2365 229 2418 locos
242 2361 405 2436 inequaliter
414 2363 504 2426 celeri,
515 2362 611 2426 delata,
626 2381 672 2438 per
682 2360 794 2416 accidens
809 2373 953 2416 cernuntur
967 2375 1091 2438 tanquam
1104 2364 1172 2417 var-ie

153 2459 211 2530 jam
227 2475 283 2510 sese
296 2457 426 2510 moventia
439 2468 465 2510 et
478 2456 651 2512 describentis
668 2455 780 2511 circulos
798 2457 924 2530 quosdam
940 2459 1113 2520 excentricos,
1128 2469 1173 2510 sut

159 2553 237 2605 etiam
254 2551 367 2604 aliorum
384 2550 558 2624 quorumdam
576 2550 686 2604 ambitui
704 2550 859 2609 insidentes.
873 2561 918 2604 aut
935 2549 1059 2622 quasdam
1077 2552 1172 2624 spiras.

160 2663 207 2717 per
217 2663 273 2716 quae
283 2643 371 2696 omnia
384 2643 562 2697 mathematici
578 2644 632 2716 ipsa
646 2644 744 2698 moveri
759 2655 879 2706 censent,
891 2644 1050 2716 sphaerarum
1066 2663 1172 2698 conver-

160 2737 232 2790 sione
245 2735 382 2809 decepti.]]
514 2724 521 2733 ¹

161 2917 224 2976 quae
239 2895 295 2954 sub
310 2894 415 2955 eodem
430 2893 515 2954 titulo
523 2896 586 2977 jam
600 2883 701 2978 umas,
713 2897 743 2956 in
753 2898 847 2978 capite
859 2917 939 2964 xxxi.
956 2895 1095 2978 legimus,
1110 2897 1171 2962 hic.

160 3009 299 3078 tanquam
315 2997 477 3058 Aristotelis
489 2999 582 3080 ipsius
597 2999 697 3068 verba,
715 3001 850 3068 inseruit.
867 3012 896 3060 et
910 3023 944 3060 ea
959 2999 1094 3082 quidem,
1111 3001 1173 3083 qui·

161 3095 216 3159 bias
235 3100 377 3168 Theonis,
397 3122 458 3160 non
478 3101 640 3160 Aristotelis
660 3103 765 3184 ipsius,
782 3105 882 3185 opinio
902 3103 1088 3164 declaratur:
1109 3126 1174 3186 quae

161 3223 228 3271 noa,
245 3214 345 3284 utpote
359 3203 417 3263 huc
432 3203 508 3264 maie
524 3206 648 3273 intrusa,
665 3206 830 3266 minoribus
846 3207 947 3266 litteris
963 3207 1077 3268 edenda
1092 3230 1174 3268 oura-

161 3307 270 3372 vimus‚
287 3315 315 3392 et
329 3308 482 3390 geminatis
499 3309 581 3367 uncis
598 3307 779 3378 inclusimus.

204 3409 212 3436 ⁷
236 3409 269 3468 ln
285 3409 383 3470 codice
399 3409 543 3470 ἀπλανῶν.

205 3513 213 3540 ⁸
236 3511 284 3572 Sic
299 3533 401 3595 supra,
417 3515 447 3572 in
464 3517 555 3597 capite
570 3535 650 3584 xxm,
668 3517 747 3576 unde
767 3517 826 3578 haec
847 3519 883 3578 ad
902 3520 1024 3580 verbum
1042 3531 1174 3600 excerpta

161 3627 242 3684 sunt,
260 3617 401 3697 scriptum
417 3615 509 3676 fuerat
528 3644 532 3675 :
554 3618 600 3676 hic
618 3631 730 3687 autem„
748 3643 800 3701 pro
822 3613 953 3691 ἐκείνων,
975 3623 1173 3704 scriptumest

160 3741 252 3797 κοινῃ.

204 3821 213 3848 ⁰
237 3823 290 3883 Hic
307 3824 337 3880 in
354 3822 452 3882 codice
468 3836 509 3882 est
524 3845 570 3890 τε,
589 3835 620 3882 ut
635 3847 732 3906 supra.
