2992 4822
418 781 495 876 ΑΙ)
534 783 875 879 LECTOREM.

574 1057 722 1088 ¹¹⁴0-

351 1395 482 1466 Lseron
499 1417 679 1474 enervem,

198 1641 415 1742 Physicarum
443 1647 658 1716 scientiarum
690 1643 782 1740 apud
814 1647 969 1741 antiquos
1002 1645 1151 1720 historiae

66 1745 110 1857 t)
146 1767 262 1836 multis
280 1763 512 1837 voluminibus
530 1763 776 1861 componendae
789 1768 864 1862 jam
888 1765 1019 1838 dudum
1039 1771 1149 1840 inten·
1202 1781 1206 1792 '

69 1902 102 2006 p
145 1902 214 1969 tus,
227 1913 334 1984 quum
344 1902 435 1958 totus
443 1911 551 1958 essem
560 1890 597 1958 in
608 1885 786 1960 scribendo
795 1886 946 1960 seeundo
955 1891 1148 1973 volumine,

67 2010 100 2100 [ξ
146 2007 241 2104 quod
268 2011 414 2104 antiquae
442 2012 655 2080 astronomiae
681 2008 859 2091 dicabitur‚
890 2013 1034 2106 graviter
1061 2017 1150 2084 sensi

61 2147 101 2234 φ)
146 2129 231 2199 mihi
249 2128 382 2214 deesse,
405 2133 488 2227 typis
507 2129 663 2202 nondum
680 2131 849 2228 vulgatam
865 2146 899 2202 et
916 2135 955 2203 iis
971 2136 1031 2230 qui
1047 2137 1151 2205 scien-

65 2251 103 2296 Μ
146 2253 201 2320 tiae
222 2251 309 2322 illius
331 2251 507 2324 historiam
533 2257 739 2348 seripserunt
766 2254 970 2351 neglectam,
996 2253 1146 2328 Theonis

57 2339 99 2454 <l
145 2373 325 2469 Smyrnaei,
349 2375 509 2468 platonici
529 2375 739 2471 philosophi,
763 2378 873 2471 operis
894 2377 944 2448 De
966 2377 1005 2449 iis
1026 2404 1093 2475 quse
1116 2379 1150 2450 in

66 2480 98 2540 ‘l
146 2519 180 2566 re
192 2494 410 2568 mathematice
422 2495 463 2568 ad
479 2496 620 2570 Platonis
635 2496 794 2568 lectionem
809 2497 898 2570 utilia
915 2511 1001 2582 sent,
1015 2515 1149 2596 partem

61 2563 99 2701 <l-
145 2618 423 2698 astronomieam‚
441 2621 537 2714 eujus
555 2617 709 2690 codicem
726 2623 994 2717 manuscriptum
1015 2621 1147 2694 Medio·

91 2781 102 2832 7
144 2738 213 2808 lani
230 2739 266 2808 in
282 2737 505 2811 Ambrosiam
521 2738 729 2812 bibliotheca
747 2739 876 2812 viderat
892 2741 982 2814 Isaeo
994 2741 1145 2824 Vossius,

98 2844 101 2853 ,
145 2875 195 2942 et,
224 2859 411 2934 Bullialdol
437 2875 536 2942 teste,
567 2863 629 2932 «in
658 2886 698 2934 eo
721 2863 820 2957 plura
843 2864 973 2961 egregia
1000 2865 1148 2936 animad-

60 2949 99 3066 a}
145 2997 328 3062 «verterat,
349 2979 563 3078 quantum'ei
581 2987 780 3076 permiserat
796 2988 941 3080 regionis
958 2985 1047 3056 illius
1065 3011 1146 3058 con-

146 3103 352 3174 «suetudo»

196 3224 419 3295 Astronomiae
437 3224 611 3296 historiam
634 3227 783 3310 scribens
806 3228 941 3325 Baily²,
963 3245 1149 3325 postquam

31 3421 33 3426 ¹
149 3343 191 3412 de
213 3335 362 3416 Theonis
383 3345 588 3417 Astronomiae
612 3348 729 3418 codiee
751 3349 811 3418 ilio
835 3348 1082 3422 Mediolanensi
1103 3352 1150 3422 lo-

188 3537 194 3565 ¹
219 3535 254 3596 ln
273 3537 399 3600 Theonis
419 3540 559 3624 Smyrnaei
581 3544 675 3624 operis
696 3541 881 3604 arithmetice
897 3545 987 3627 partis
1007 3545 1147 3614 editione,

145 3639 190 3699 Ad
203 3639 340 3709 lectorem,
355 3665 383 3724 p.
401 3664 428 3725 9.
445 3644 574 3713 Parisiis,
594 3643 689 3714 reat,
704 3647 787 3744 in-lsJ.

31 3815 33 3828 Ι
185 3742 195 3770 ²
218 3742 338 3803 Histoire
352 3743 385 3802 de
397 3744 586 3806 l’Astmeomie
597 3745 733 3815 moderna,
749 3748 1008 3820 Eelaireissements,
1023 3750 1094 3812 livre
1104 3751 1143 3820 ll,

143 3846 227 3934 illl,
244 3860 261 3908 t.
278 3847 303 3915 l,
320 3869 348 3930 p.
368 3849 436 3914 5021.

982 3976 997 4011 Δ
