2970 4822
480 394 537 458 DE
560 391 857 458 tortosonte.
1117 395 1171 456 tal

162 519 299 594 vitatur,
312 530 348 594 *et
363 541 436 606 que
453 517 685 596 meridianum.
698 518 793 590 variis
805 517 995 590 intervallis,
1009 517 1176 588 toliulere

163 643 261 706 secat,
278 642 359 718 quot
377 631 514 708 effluunt
528 629 625 700 dicsl.
640 632 854 700 *mutuom
873 630 994 718 spiram
1012 630 1176 700 Themin

164 766 303 818 conten
318 743 455 832 cytindn'
476 743 647 832 superficie
666 745 707 814 ab
725 765 790 816 uua
812 744 880 817 basi
900 743 1091 812 adulteram
1106 743 1176 810 a*

164 857 273 945 criptae
289 857 430 930 similem
445 857 534 926 dicit.
550 855 614 932 Sed
628 856 734 944 potius
750 857 784 925 in
802 858 935 944 ophaerae
949 855 1119 943 superficie
1135 855 1179 924 ri·

164 969 259 1034 detur
268 969 441 1057 descripta,
457 981 493 1034 ut
504 969 675 1038 Cleanthes
687 968 835 1040 dixerut
848 979 945 1056 alque
956 970 1049 1052 orbes
1059 988 1179 1056 augffl

165 1093 222 1146 aut
231 1082 397 1154 minuens,
411 1081 494 1146 sicut
505 1079 845 1147 etmathematioorum
857 1080 956 1167 spira,
968 1101 1040 1166 quae
1052 1101 1092 1145 eo
1103 1102 1180 1166 proe·

165 1195 260 1282 cipue
269 1196 309 1260 ab
318 1193 374 1258 illa
380 1193 497 1266 differt,
511 1192 599 1280 quod
609 1191 643 1258 in
651 1191 784 1278 planitia
792 1193 1010 1258 describitur³.
1023 1191 1128 1257 Altera
1135 1204 1181 1257 est

125 1381 128 1388 .
164 1305 251 1392 spira
267 1306 302 1369 in
312 1305 452 1392 ,planitia
469 1304 641 1392 descripta,
659 1325 723 1370 non
740 1326 791 1376 ea,
809 1305 901 1370 orbes
919 1326 1037 1392 augens
1053 1316 1110 1370 aut
1123 1305 1181 1368 ml-

166 1441 284 1492 nnens,
308 1419 360 1483 cui
378 1418 502 1505 antiqui
524 1417 778 1505 recentioresque
801 1416 1017 1482 mathematici
1040 1417 1180 1482 multum

166 1530 373 1604 studuerunt,
386 1530 442 1597 sed
454 1529 559 1618 qualis
573 1531 719 1608 ιποπέδη
736 1529 876 1616 antiquis
891 1529 1083 1602 dicebaturl.
1098 1529 1182 1594 inter

166 1643 245 1708 duas
262 1641 430 1729 parallelos
447 1641 546 1706 lineas
560 1641 702 1714 sinuosa,
713 1642 813 1728 aequis
826 1641 999 1708 intervallis
1012 1653 1182 1728 utramque

165 1769 306 1844 tangens.
325 1756 359 1822 si
377 1756 465 1820 enim
480 1755 583 1821 motui
601 1755 735 1821 erratico
751 1755 809 1820 soli
824 1756 1010 1828 attenderis,
1029 1767 1060 1820 et
1076 1767 1183 1822 mente

165 1868 349 1956 conceperis
366 1866 535 1955 parallelos
552 1866 703 1938 circulos,
721 1867 804 1932 lnter
818 1889 898 1954 quos
916 1868 952 1931 fit
967 1869 994 1932 is
1010 1878 1130 1940 motus,
1148 1867 1182 1932 in

165 1992 265 2046 rectas
281 1980 515 2069 parallelosque
528 1979 627 2044 lineas
639 1979 856 2045 indesinenter
869 1981 988 2069 porrigi
1004 1990 1183 2068 zonamque

167 2096 312 2158 intereas
322 2094 357 2158 in
373 2093 540 2180 planitiem
556 2091 697 2165 extendi,
711 2093 888 2158 multorum
900 2093 1092 2161 circuituum
1104 2093 1184 2158 serie

168 2205 296 2269 sinuosa
318 2204 372 2269 fiet
394 2205 493 2277 linea,
517 2205 608 2270 toties
635 2204 823 2292 parallelum
849 2217 1018 2292 utramque
1037 2218 1187 2292 tangens,

169 2327 250 2402 quot
266 2327 362 2381 erunt
377 2315 538 2381 circuitus.

218 2429 376 2494 Hactenus
398 2427 540 2493 Theonis
561 2428 719 2514 Smyrnaei
745 2428 947 2503 aeconomia,
975 2453 1073 2515 quam
1092 2431 1182 2517 sequi
1230 2467 1279 2506 „r
1330 2480 1345 2505 .,

170 2529 305 2607 debebat
321 2540 421 2627 ipsius
438 2541 477 2604 de
495 2541 612 2605 caelesti
629 2541 751 2605 musica
769 2541 858 2606 liber.

638 2723 650 2777 S
670 2725 714 2778 28.

508 2855 541 2890 DE
560 2854 651 2891 annual
673 2853 838 2891 nuncupato.

217 2987 327 3052 Sereni
348 2987 580 3074 fragmentum,
600 3010 664 3074 quo
682 2988 790 3052 solaris
807 2998 913 3051 motus
934 2988 1183 3074 inaequalitatem

172 3101 346 3190 excentrico
370 3100 489 3164 circulo
522 3099 739 3187 repraesentari
774 3121 864 3185 posse
894 3100 1139 3172 demonstratur.
1166 3123 1183 3164 a

171 3211 310 3274 Theonis
323 3212 480 3300 Smyrnaei
493 3235 589 3301 opere
602 3213 739 3277 alienam
752 3235 818 3277 esse
830 3213 979 3277 diximus.

214 3415 221 3442 ¹*
242 3411 281 3464 ct
295 3413 454 3466 Martianum
466 3415 614 3489 Capellam,
631 3416 705 3474 VIII,
722 3418 791 3476 856,
806 3435 832 3488 p.
844 3417 896 3486 667
913 3417 1014 3492 Koppii.

213 3507 222 3534 ²
241 3504 306 3558 Vide
319 3507 342 3558 J.
356 3506 449 3559 Stobei
459 3506 512 3559 net.
521 3507 589 3582 phys.
604 3509 629 3571 l,
644 3511 691 3569 ²6,
705 3507 943 3581 p.153ltHeerenii.

211 3601 220 3628 ³
241 3598 316 3650 Hanc
337 3595 509 3652 differentiam
529 3601 596 3653 male
613 3601 724 3672 neglexit
742 3601 907 3664 Chalcidius,
922 3601 966 3654 sol.
985 3603 1020 3660 st
1041 3602 1184 3654 lhscensii

175 3693 183 3764 l
188 3711 213 3764 p.
231 3693 349 3762 aot-2¹07
361 3691 494 3762 Meursii).

211 3786 220 3816 l
241 3785 307 3839 Vide
320 3786 401 3857 hujus
415 3785 479 3839 Dies.
494 3798 558 3858 part.
574 3789 610 3851 11,
625 3807 647 3841 c.
662 3807 708 3848 ιιι,
719 3786 731 3840 S
742 3789 771 3847 6,
787 3800 811 3841 ot
822 3791 914 3843 Notum
927 3806 972 3852 oo.

1007 3900 1032 3950 9.
