3016 4826
497 428 551 489 DE
576 429 871 492 tsTnottotttt.
1119 437 1186 498 Ι357

179 550 295 633 punctis
310 551 499 630 superpositis
511 561 675 618 consunte.
691 561 754 612 orte
768 571 830 612 ecee
843 551 957 612 videtur
976 573 991 614 e
1009 556 1188 618 correctione

180 675 239 714 non
254 651 364 712 urdocti
379 652 500 735 alicujus
515 653 582 722 viri,
593 656 646 738 qui
661 654 805 716 Venerem
820 675 836 714 n
850 653 918 716 Sole
931 655 977 716 vix
991 655 1067 716 ultre
1079 658 1187 740 gredne

180 759 220 836 [η
234 755 389 816 abscedere
402 777 418 815 e
430 755 585 818 Ptolemaec
596 757 745 818 didicerat
759 757 857 832 Quem
868 757 952 819 incilc
962 757 1016 820 me'
1032 758 1107 838 eod'
1123 760 1188 824 fieri

180 861 319 942 potuerit.
333 860 374 918 rei
387 859 621 942 peicogrcphieae
632 862 739 944 peritos
752 881 812 921 non
827 871 870 921 est
883 881 937 922 cur
950 883 1130 923 moneamus.
1145 863 1187 924 De

179 961 235 1023 hoc
249 961 330 1028 loco.
347 961 412 1022 vide
426 962 497 1021 Dies.
514 973 617 1022 nootrae
633 974 704 1043 pert.
720 963 759 1028 ll,
775 985 800 1022 e.
818 983 863 1029 tv.
879 963 932 1045 59.

623 1123 695 1178 Nori
714 1126 744 1178 N.

489 1235 527 1288 td
541 1253 563 1288 c.
578 1252 636 1296 xiv,
648 1233 691 1288 soi.
708 1255 722 1306 7
739 1235 766 1298 b,
777 1253 803 1308 p.
820 1239 878 1290 180.

227 1425 359 1438 ·······
371 1378 1188 1458 umbrie·····wr⁶'nmetn···-··rr⁴m

179 1483 324 1557 ἀφανίσθρ
334 1524 465 1540 .......
476 1480 602 1560 πρώτως
615 1477 660 1538 drd
673 1482 724 1540 τὰς
739 1483 827 1559 αὐγάς
834 1525 946 1541 ......
954 1481 962 1558 )
975 1510 1017 1526 -·
1028 1478 1137 1553 Qunter
1157 1481 1187 1539 in

179 1580 235 1641 hoo
246 1583 341 1664 eapite
355 1581 479 1664 legimus
494 1585 632 1662 πρώτως,
648 1603 738 1666 quem
753 1603 853 1644 vocem
870 1582 900 1642 in
915 1581 1046 1644 recondo
1058 1581 1124 1642 ioco
1137 1581 1187 1642 hn-

179 1683 228 1743 bet
241 1683 345 1751 codem
362 1684 501 1766 inprime
521 1695 618 1744 autem
634 1695 663 1744 et
676 1697 780 1767 quarto
799 1685 887 1748 hebet
904 1692 1037 1766 πρῶτος;
1052 1685 1083 1744 in
1103 1683 1187 1746 tertio

178 1785 256 1855 ioco,
266 1786 427 1854 arridetur,
438 1789 576 1868 πρώτως,
588 1787 794 1869 compendiose
804 1789 953 1870 scripture.
963 1787 1026 1848 Vox
1035 1787 1187 1870 illaprimo

179 1886 299 1968 quidem
318 1887 382 1948 loco
401 1899 430 1948 et
447 1889 531 1950 tertio
551 1910 567 1948 e
586 1888 755 1950 (lirolcidio1
777 1889 936 1951 omittitur:
958 1889 1087 1951 secundo
1106 1891 1188 1950 verti·

178 2001 226 2050 tur
237 1991 377 2072 primicer:
388 2001 529 2073 quartum
542 1991 640 2054 iocum
658 1993 698 2053 sic
710 2013 826 2052 veroum
837 1991 963 2074 legimur
973 1993 1004 2052 in
1019 1990 1186 2054 chalcidio:

177 2091 264 2153 «sol.
278 2142 284 2154 .
300 2141 305 2153 .
320 2094 464 2176 ,primum
479 2115 543 2154 eam
559 2113 679 2154 corusco
695 2093 850 2176 splendore
864 2093 996 2155 condit.»
1015 2093 1073 2154 Sed
1092 2093 1188 2176 legen·
1226 2131 1229 2136 ·

177 2194 251 2254 dum
262 2196 381 2276 primum
393 2217 462 2256 eam.
477 2195 511 2256 In
526 2197 619 2278 cipite
633 2196 721 2256 etiem
738 2217 789 2264 xv,
805 2196 843 2257 de
857 2197 1002 2258 Mercurio
1017 2197 1112 2278 prime
1126 2196 1188 2256 vice

177 2298 209 2356 in
222 2297 329 2358 coelum
341 2299 527 2366 ascendente.
541 2299 630 2359 codex
642 2297 731 2359 hahet
739 2307 872 2381 πρῶτος,
880 2299 930 2360 eed
938 2299 1096 2381 legendum
1107 2301 1188 2382 crede
1201 2315 1204 2322 '

176 2421 247 2468 τως,
261 2412 289 2460 et
301 2398 485 2461 Chalcidiue¹
500 2403 585 2461 vertit
596 2403 730 2482 primitus.
747 2401 806 2460 Nec
820 2413 918 2462 temen
933 2403 1079 2462 neeeimue
1095 2401 1187 2462 atticis
1260 2453 1262 2457 .

179 2502 347 2564 auctoribus
368 2503 542 2587 adjectivum
562 2511 695 2586 πρῶτος,
715 2525 785 2564 cum
806 2503 902 2564 dativo
921 2523 1051 2586 personne
1072 2515 1123 2564 eut
1146 2505 1187 2564 rei

179 2607 382 2688 conjunctum,
404 2606 484 2667 idem
502 2627 577 2688 saepe
598 2606 723 2668 veiuieee
743 2617 830 2690 etque
850 2611 992 2688 πρώτως,
1009 2609 1100 2690 primo
1120 2607 1186 2668 viee.

177 2706 237 2767 Sed
250 2710 377 2788 πρώτως
390 2707 568 2790 philosophie
582 2708 765 2792 frequentato
776 2729 830 2770 vox
844 2720 901 2776 eet,
916 2721 946 2769 et
959 2710 1061 2770 Noster
1074 2729 1133 2770 non
1144 2719 1189 2768 eet

179 2809 282 2870 atticus
299 2821 406 2871 auctor.

622 2973 693 3024 Nort
713 2969 746 3024 Ο.

319 3081 356 3135 td
369 3100 391 3135 e.
408 3099 453 3146 xv,
469 3081 513 3135 sol.
529 3086 545 3137 8
560 3101 589 3144 o,
603 3101 629 3156 p.
644 3084 707 3144 188,
722 3102 744 3134 v.
761 3101 793 3136 ²2
807 3079 945 3135 Alexandri
958 3091 1046 3154 poete.

222 3221 278 3282 Pro
289 3225 442 3304 ἀπηερίης,
456 3221 592 3282 codicum
602 3221 738 3290 lectione,
752 3219 911 3304 legendum
924 3239 988 3282 eree
998 3218 1050 3278 ὑπ’
1062 3223 1125 3302 ἠέρι
1140 3221 1187 3290 ἧς,

177 3323 334 3385 doctorum
350 3325 479 3385 virorum
493 3323 589 3393 Geloi,
612 3323 750 3392 Fabricii,
765 3323 950 3391 schneider,
971 3320 1061 3384 Noekii
1078 3333 1107 3384 et
1120 3322 1189 3384 Mei-

178 3425 273 3486 neckii
293 3427 442 3486 neminem
462 3427 566 3486 vidisse
585 3423 669 3487 valde
687 3428 832 3488 murmur
852 3451 858 3484 ι
877 3427 917 3486 sic
936 3427 1030 3494 enim,
1048 3447 1106 3487 unu
1127 3436 1189 3484 tan·

179 3539 243 3588 tum
261 3529 356 3590 littere
375 3541 500 3599 mutate,
522 3542 613 3614 poeto
634 3532 775 3592 sententie
793 3529 907 3613 liquido
928 3539 1061 3612 apparet,
1084 3527 1188 3610 Pythe-

177 3633 345 3713 goricorum
365 3631 539 3704 multorum,
562 3633 805 3718 Empedoeiieque
825 3643 853 3693 et
871 3631 1029 3716 OEnopidis
1051 3631 1189 3691 doctrine

212 3769 219 3796 ¹
236 3769 287 3818 Fcl.
305 3772 333 3819 25
344 3769 476 3827 Mercurii,
491 3791 513 3838 ρ.
527 3772 745 3828 15d·155Meu1-oii.

210 3855 219 3878 ²
237 3853 286 3902 rot.
303 3855 332 3902 26
341 3871 356 3902 c
368 3855 480 3910 decentii,
491 3873 515 3922 p.
527 3858 572 3904 156
585 3857 687 3904 Meureii.
