3016 4826
497 411 554 472 DE
577 410 873 474 ssrfloltotssl.
1131 417 1192 480 369

179 533 330 594 dicuntur.
346 531 448 616 Atrei,
465 533 629 596 secuudum
644 535 830 596 Aristotelem
842 533 860 602 ¹,
877 555 923 595 res
943 553 1127 622 unoquoque
1143 559 1194 621 per

179 657 206 696 se
222 638 321 718 ipson,
336 635 402 704 καθ’
418 640 501 705 αὐτὸ,
517 647 561 698 est
578 639 724 722 quidquid
743 659 777 700 ex
797 639 889 722 ipsius
909 650 1012 702 nature
1031 662 1147 726 sempe
1163 654 1194 704 et

179 739 343 800 necessario
353 740 550 821 consequitur,
561 751 590 801 et
600 752 701 802 contre
710 740 904 822 peroccidens,
914 747 987 804 me
995 745 1191 831 συμέσθηκρι.

179 840 230 902 ille
241 853 285 902 est
296 841 442 925 quidquid
456 843 519 924 ipse
534 854 578 906 est
591 843 726 926 quidem,
742 845 795 906 sed
808 865 863 904 nec
878 865 931 927 per
942 867 1027 906 suem
1041 849 1132 930 ipsius
1144 870 1193 910 ne·

179 957 291 1012 turem,
307 965 362 1006 neo
374 964 504 1028 semper,
521 966 575 1006 nee
590 945 765 1030 plerumque
780 973 785 1006 :
802 947 937 1010 videlicet
951 948 1062 1032 sphaere
1077 971 1129 1035 per
1139 972 1194 1014 sete

181 1047 267 1128 ipsum
277 1045 362 1127 (καθ’
378 1050 479 1128 αὐτήν)
496 1047 624 1117 rotunde
635 1060 694 1118 est;
710 1049 761 1110 sed
778 1071 830 1131 per
841 1049 963 1112 occidens
984 1053 1070 1132 (steri
1087 1053 1193 1132 cop&-

180 1149 281 1230 Gmcde)
295 1161 410 1212 tentmn
422 1149 502 1222 elbo,
516 1161 567 1212 eut
581 1152 679 1234 nigre,
692 1163 744 1212 sut
757 1151 832 1212 elius
843 1151 956 1214 coloris.
970 1153 1082 1216 Eorum
1096 1167 1195 1218 eutem

180 1275 247 1336 qum
256 1273 307 1334 per
316 1252 438 1314 occidens
448 1264 517 1314 sunt
527 1252 609 1314 nulle
620 1265 664 1314 est
673 1255 794 1316 scientie
804 1254 969 1316 secuudum
978 1255 1163 1320 Aristotelem
1173 1255 1193 1318 ¹.

180 1357 271 1438 Atqui
297 1377 378 1418 nunc
398 1356 470 1418 dicit
492 1355 633 1418 Adrastus
653 1358 871 1440 peripateticus,
890 1369 919 1418 et
937 1357 969 1420 id
987 1359 1086 1442 ipeum
1107 1361 1195 1422 etiem

181 1459 363 1528 Aristoteles,
382 1462 436 1522 etsi
452 1461 552 1520 minus
565 1472 677 1543 aperte,
693 1462 724 1520 in
740 1461 1009 1545 Meteorolopicomnr
1026 1461 1127 1524 initio³
1146 1464 1195 1526 de·

180 1561 351 1632 clareveret,
367 1583 383 1623 e
398 1561 564 1624 coeleetihus
578 1561 707 1624 motibus
718 1585 770 1646 per
782 1563 904 1626 accidens
918 1563 982 1626 lieri
1000 1585 1195 1652 quecumque

179 1667 209 1726 in
225 1686 291 1728 eere
306 1676 335 1728 et
348 1665 379 1724 in
392 1665 486 1726 Terre
498 1664 651 1748 superficie
665 1665 749 1728 fiunt.
761 1667 846 1728 Unde
860 1667 1036 1732 concludere
1048 1680 1195 1752 oporteret

178 1767 293 1830 nullam
307 1789 369 1830 esse
381 1789 468 1851 posse
480 1768 737 1851 meteorologicem
749 1771 909 1832 scientiam.
925 1770 984 1845 Qui
1000 1791 1082 1840 vero,
1096 1771 1194 1834 obser·

179 1870 267 1932 vendi
286 1881 316 1932 et
332 1871 499 1954 experiendi
518 1873 644 1954 peritus,
665 1873 838 1934 mutabilem
857 1873 938 1936 illem
958 1895 1057 1935 rerum
1077 1875 1195 1936 verieta-

180 1985 240 2035 tem
263 1975 450 2057 perspexerit,
471 1975 496 2034 is
517 1974 672 2056 intelliget,
694 1974 840 2057 quidquid
864 1976 961 2036 evcnit
981 1977 1013 2036 in
1038 1995 1195 2058 corporum

180 2075 272 2146 mole,
287 2077 319 2138 id
330 2075 542 2160 multiplicibus
553 2077 676 2160 quidem
693 2090 726 2140 et
734 2077 866 2140 obscuris
881 2077 1069 2162 plerumque,
1082 2078 1133 2140 sed
1149 2099 1195 2140 ve·

180 2181 219 2240 ris
234 2180 327 2240 crusis
342 2179 420 2249 fieri,
436 2201 502 2263 quae
515 2181 601 2240 certis
616 2179 732 2261 legibus
747 2193 776 2242 et
790 2181 929 2244 eumdem
949 2203 1064 2264 semper
1083 2183 1113 2242 in
1133 2203 1194 2244 mo-

181 2283 254 2344 dum
264 2293 431 2366 operentur.
444 2283 503 2344 Aut
514 2303 584 2365 ergo
591 2285 672 2366 justo
681 2283 769 2344 letius
782 2295 861 2361 petet
872 2284 1052 2346 Aristotelice
1063 2283 1196 2346 delinitio

181 2407 285 2450 eornm
299 2407 365 2469 que
376 2407 427 2466 per
440 2383 562 2446 occidens
577 2397 659 2453 sunt,
675 2397 727 2446 eut
746 2406 849 2446 eorum
869 2407 934 2470 ques
953 2385 1007 2448 hec
1024 2385 1196 2450 defiuitione

181 2487 471 2571 comprehenduntur
485 2489 636 2550 scientium
650 2487 762 2550 nullam
776 2509 839 2550 esse
851 2510 937 2572 posse
950 2511 1053 2552 verum
1068 2512 1127 2554 oon
1143 2501 1193 2552 est.

181 2592 476 2652 verumenimvero
496 2591 556 2652 duo
577 2593 704 2652 scientie
724 2613 832 2674 genere
850 2591 1031 2674 distinguere
1052 2605 1166 2678 oportet
1188 2621 1193 2654 :

180 2717 309 2779 quorum
323 2696 447 2758 alterum
459 2717 511 2779 per
522 2694 705 2758 deductionem
717 2696 840 2779 explicet
850 2695 995 2780 quidquid
1008 2717 1053 2760 ree
1065 2709 1135 2758 eunt
1145 2719 1197 2780 per

181 2821 235 2862 sese
247 2801 326 2882 ipe,-
338 2799 463 2862 elterum
473 2821 524 2882 per
533 2799 712 2862 inductionem
728 2809 874 2860 scrutetur
885 2799 965 2882 leges
975 2811 1005 2862 et
1016 2821 1117 2862 cemes
1129 2801 1194 2884 qui·

155 2940 157 2946 =
181 2904 237 2964 bus
251 2903 283 2962 in
298 2923 398 2964 rerum
418 2901 701 2966 universitateliunt
716 2923 749 2962 ee
764 2924 829 2984 quae
849 2902 987 2962 videntur
1003 2923 1055 2985 per
1071 2904 1195 2966 occidens

181 3007 212 3066 in
228 3005 317 3066 rebus
332 3005 455 3089 singulis
470 3005 543 3068 fieri.

161 3129 164 3137 ¹
224 3108 404 3170 Aristotelice
417 3130 486 3190 ergo
497 3108 599 3170 Theon
611 3109 791 3190 Smyrnoeus,
802 3107 944 3169 Adrastus
956 3121 984 3170 et
996 3108 1195 3194 Dercyllides‘

182 3210 285 3272 dicunt
296 3212 459 3272 errantium
473 3225 619 3272 astrorum
632 3212 881 3295 unumquodque,
895 3233 946 3295 per
958 3233 1012 3272 rese
1025 3213 1057 3272 in
1072 3211 1196 3274 circulos

181 3315 362 3397 aequabiliter
373 3325 502 3382 motum,
515 3317 567 3396 per
577 3313 699 3376 occidens
713 3315 805 3378 videri
819 3316 952 3378 sinuosae
964 3315 1057 3378 linces
1071 3316 1196 3399 inequa-

216 3443 223 3470 ¹
241 3441 309 3511 Phys.
326 3443 361 3498 11.
380 3459 393 3490 ι
411 3451 481 3497 etrus
500 3442 599 3511 lleupls.
614 3439 648 3499 Γ,
662 3459 740 3510 nr,p.
754 3461 828 3508 ¹0⁰7³
843 3450 876 3501 Δ,
889 3461 946 3502 m,
963 3461 988 3512 p.
1010 3446 1085 3501 rosis
1106 3441 1139 3502 E,
1161 3461 1192 3501 n,

182 3543 207 3592 p.
223 3530 372 3589 ιοιδ-ιοης
386 3522 421 3584 Κ,
433 3544 488 3585 rur,
498 3547 522 3595 p.
539 3531 691 3585 root-soem
702 3529 812 3578 Meteorol.
825 3521 847 3585 l,
861 3545 893 3585 ιι,
905 3547 930 3595 p.
941 3529 988 3592 ὄις
1000 3527 1040 3578 ed.
1052 3527 1129 3578 Berol.

216 3612 225 3637 ¹
241 3610 278 3660 Ll.
292 3628 326 3660 cc.

216 3697 224 3723 ³
242 3695 252 3742 l
280 3712 297 3744 ιι

259 3730 265 3751 ,
302 3730 307 3742 .

216 3778 300 3829 “vide
311 3779 412 3829 Theonis
423 3781 511 3830 Astron.
523 3798 544 3830 c.
558 3799 599 3832 ιιι
616 3782 674 3832 circe
686 3781 771 3840 finem,
789 3801 809 3830 c.
828 3799 892 3837 ιιιι,
910 3799 929 3828 c.
947 3797 1008 3829 ιιιιι
1027 3779 1105 3834 initio,
1119 3796 1141 3826 c.
1160 3794 1196 3826 ιιι

183 3862 274 3914 duobus
283 3863 308 3912 in
318 3863 386 3920 locis,
396 3874 419 3914 et
433 3883 453 3912 c.
465 3882 521 3914 ιιιιι
538 3865 629 3916 duobus
641 3867 666 3914 in
677 3865 740 3914 locis.

1010 3966 1045 4018 el
