2992 4822
326 437 367 500 ³0
619 431 812 494 THEONIS
832 427 1037 494 SMYRNAEI

325 561 424 628 thece
436 557 534 624 codes
547 577 612 632 svs,
625 555 660 622 in
675 555 848 643 antiquiori
864 555 1069 622 Bibliotheco
1080 555 1174 646 regie
1186 555 1337 646 Cotuiogo

324 673 423 740 codex
435 670 559 742 21632.
572 667 712 734 Theonis
727 669 948 734 Asunnomiun
962 669 1146 744 continens,
1158 691 1258 758 quesn
1268 671 1335 736 Me·

325 785 437 857 lotus¹‚
454 796 609 872 tanquam
626 781 746 848 eaeteiis
760 781 912 848 omnibus
927 781 1083 856 similem,
1095 783 1140 850 its
1158 783 1335 872 inscripsit:

325 917 513 964 «succum.
531 894 638 962 Codex
653 894 852 968 chartaceus,
866 893 946 960 olim
959 894 1173 970 Tellensnun
1186 919 1252 984 quo
1262 917 1337 968 oon—

325 1011 468 1076 «h‘netur
484 1008 626 1075 Theonis
642 1007 801 1096 Smymaei
817 1006 984 1096 pictonici,
1002 1029 1115 1074 eornm
1131 1031 1204 1096 qnae
1218 1009 1254 1074 in
1269 1031 1337 1076 uss-

324 1123 525 1190 ·themnticis
538 1121 579 1187 sd
590 1119 730 1186 Plutonis
741 1119 913 1186 lectionem
925 1117 1017 1186 utilis
1028 1131 1119 1194 sunt,
1133 1121 1295 1208 expositio.
1305 1123 1337 1188 Is

323 1237 444 1306 «codex
460 1235 576 1304 seculo
592 1253 643 1298 svs
656 1243 801 1300 exaratus
815 1231 952 1298 videtin.
965 1263 976 1290 ι
992 1233 1148 1320 Ejusdem
1166 1233 1273 1300 saecuii
1288 1247 1337 1300 est

323 1350 422 1416 codex
442 1349 546 1420 1820,
561 1357 738 1412 ostentum
754 1345 936 1418 continens,
947 1367 1021 1432 quse
1032 1345 1213 1412 Bullisidus
1224 1346 1334 1414 edidit.

323 1463 418 1528 Hunc
433 1460 477 1528 its
494 1457 643 1524 inscribit
653 1457 808 1524 Melotns:
823 1477 998 1524 suncccu.
1013 1456 1120 1524 Codex
1137 1458 1336 1532 chartaceus,

325 1573 426 1640 «olim
437 1570 654 1642 Tellenisnns‚
669 1589 735 1656 quo
747 1567 929 1634 continetur
945 1568 1087 1636 Theonis
1101 1569 1259 1659 Smymaei
1274 1571 1338 1659 plo

324 1686 460 1758 .t0nici‚
472 1705 585 1751 eorum
597 1703 670 1770 quae
679 1682 714 1748 in
724 1681 957 1748 mathematicis
966 1681 1008 1748 sd
1016 1681 1157 1750 Plutonis
1166 1682 1337 1750 lectionem

324 1799 439 1866 «utilia
450 1809 540 1870 sunt,
557 1795 721 1885 expositio.
738 1796 767 1860 Is
781 1795 879 1862 codes
890 1795 1021 1884 Josephi
1034 1793 1141 1862 huriae
1156 1817 1272 1870 manu,
1286 1817 1338 1862 sae-

324 1945 335 1970 ι
347 1913 421 1979 onio
426 1911 654 1982 decimosexto,
663 1920 807 1974 omnus
813 1930 880 1974 esse
888 1907 1023 1974 viduus.
1036 1907 1165 1976 »Codici
1173 1909 1337 1974 nutemilii

323 2023 529 2090 Bibliothecae
548 2021 641 2109 regite
658 2042 759 2108 graeco
779 2021 882 2092 1820,
901 2019 958 2107 qui
976 2030 1007 2089 et
1025 2019 1093 2108 ipse
1113 2020 1148 2085 in
1169 2019 1274 2088 Casuli
1295 2021 1337 2086 de

322 2131 1338 2220 Montchslbibliothecsiuerstcodexxsnpremissusestinpecu-

323 2250 395 2314 iios-i
412 2249 529 2337 pagins
545 2246 599 2310 hic
615 2244 727 2310 titulus
741 2269 749 2306 t
763 2256 879 2314 Θέωνος
889 2255 1050 2335 Σμυρναίου
1059 2250 1263 2324 sinuoso,
1272 2257 1337 2312 Τῶν

323 2372 438 2430 κατὰτὸ
448 2370 644 2446 μαθηματικὸν
656 2363 1153 2450 χρησίμωνεῑεπὶντοῦηλάτωνοι
1164 2367 1334 2444 ἀνάγνωσιν.
1474 2401 1475 2410 .

324 2487 381 2544 Τοῦ
398 2485 485 2542 αὐτοῦ
501 2483 574 2563 crept
595 2481 794 2563 doiposoptcs.
808 2471 1086 2538 Cuititu10munu
1099 2471 1268 2540 recentiori
1283 2473 1337 2538 ed-

323 2589 429 2656 ditum
437 2597 484 2653 est
495 2613 503 2650 :
514 2619 526 2645 ι
537 2593 642 2654 heines.
658 2585 731 2650 Vide
741 2590 805 2652 eod.
819 2584 937 2652 21632.
951 2586 1195 2654 »Atheuoms'um
1204 2585 1336 2652 enimin

323 2703 385 2768 hoc
401 2701 510 2768 codice
528 2699 631 2772 1820.
647 2698 705 2764 etsi
718 2697 812 2764 titulo
828 2699 1023 2772 nuntiatum,
1037 2699 1146 2766 deesse
1153 2699 1226 2786 jons
1236 2699 1338 2766 ohser-

323 2825 449 2882 veverot
463 2812 646 2880 Bernsrdus
660 2811 701 2875 de
717 2809 937 2882 Mundensem
954 2812 1046 2900 cujus
1058 2812 1128 2878 hoec
1138 2823 1214 2878 sunt
1224 2812 1336 2884 verbu,

324 2929 358 2992 in
379 2926 528 3013 Catniogo
549 2923 751 2990 bibliothecae
770 2943 845 2986 mss.
871 2922 976 2991 Catuli
999 2923 1039 2990 de
1059 2923 1236 2996 Montohah
1263 2945 1338 3011 quae

324 3039 419 3127 regius
433 3039 552 3104 inserts
566 3027 688 3100 tuone
702 3059 710 3096 τ
725 3033 827 3101 «Cod.
841 3055 892 3098 m
909 3034 1008 3101 chent.
1019 3035 1161 3106 Theonis
1177 3035 1338 3124 Smymaei

324 3185 336 3210 s
347 3149 499 3240 platonici
511 3149 547 3214 in
558 3148 726 3214 Plutonem
736 3144 816 3209 etde
828 3142 1038 3214 Ashunomin.
1046 3149 1154 3216 Codex
1167 3170 1216 3214 xvi
1229 3147 1337 3214 forsan
1455 3221 1459 3228 ,

325 3275 395 3330 «est
415 3261 556 3328 secunde
576 3281 651 3346 pars
668 3257 767 3342 hujus
783 3256 871 3331 lihri,
889 3259 995 3345 quiin
1014 3263 1107 3330 titulo
1126 3260 1285 3349 promittit
1302 3281 1339 3335 se

325 3387 496 3442 «acturum
514 3373 554 3437 de
574 3369 774 3435 Astronomia
792 3381 823 3432 et
839 3367 910 3435 finit
926 3373 959 3436 in
978 3375 1090 3440 eadem
1109 3372 1337 3462 promissione.
1430 3447 1432 3450 ¹

326 3521 336 3545 «ι
350 3511 456 3575 neque
467 3487 508 3552 de
521 3508 558 3550 ea
572 3485 607 3547 in
621 3482 703 3546 libro
716 3482 771 3548 iilo
784 3483 916 3550 disserit.
930 3515 940 3540 ι
953 3485 986 3551 Si
1000 3507 1073 3573 ergo
1085 3507 1158 3552 vera
1169 3495 1249 3550 esset
1262 3485 1338 3550 doc·

365 3657 372 3686 ¹
395 3655 425 3706 Iu
440 3650 549 3724 Cotolopi
562 3647 673 3704 codicum
691 3668 746 3702 nus.
764 3645 917 3704 Bittiottecs
937 3649 1007 3724 repis
1024 3662 1042 3704 t.
1063 3653 1099 3716 11,
1118 3650 1286 3724 conplectentis
1298 3669 1341 3703 co·
1470 3669 1471 3690 1

325 3748 391 3802 dices
404 3763 460 3800 mu.
469 3763 570 3820 procos.
584 3742 701 3805 Parisiis,
717 3747 798 3814 1740,
813 3742 907 3805 indui„
920 3763 947 3817 p.
961 3747 1023 3815 [107.

364 3845 374 3874 ²
395 3837 508 3896 Biston.
521 3834 628 3892 biblioth.
642 3853 697 3888 mss.
711 3855 784 3896 ηουα,
797 3847 815 3890 t.
827 3837 867 3900 ΙΙ,
881 3855 908 3908 p.
921 3839 974 3907 897
987 3853 1010 3890 s.
