2964 4824
469 423 526 486 DE
548 421 843 485 Asrttoltotttn.
1099 423 1159 484 33³

108 563 112 572 '
155 548 356 643 multiplices
387 549 648 642 compositiones
680 542 1159 640 allemnt,quemadmoduu1

154 669 323 740 Aristoteli
333 673 517 750 visumst,
536 683 570 740 et
578 671 667 740 inter
677 668 934 742 mathematicos
945 664 1160 737 Menaechmo

154 791 392 887 Callippoque‚
411 793 470 886 qui
486 789 632 884 sphaeras
649 787 838 860 deferentes
855 801 889 858 et
902 790 1069 858 contrarie
1086 811 1159 858 ver-

154 927 262 983 tentes
279 913 475 984 attulerunt.
494 912 546 984 De
564 911 687 1008 quibus
704 925 885 1006 postquam
901 911 1077 986 convenit,
1097 911 1160 980 cir-

155 1061 234 1106 cum
256 1034 470 1106 immobilem
493 1034 635 1104 Terram
659 1033 784 1104 coelum
807 1055 887 1101 cum
914 1033 1007 1100 astris
1032 1033 1162 1102 moveri

155 1171 268 1228 censet
288 1155 510 1252 aequabilibus
529 1179 591 1250 per
605 1155 750 1226 circulos
768 1152 932 1230 motibus,
955 1153 1162 1246 paucissimis

155 1305 193 1349 ae
212 1277 470 1350 concinentibus
488 1279 780 1370 concentricisquc
798 1289 832 1344 ct
848 1272 963 1348 liberis
980 1271 1133 1344 cursibus
1153 1303 1159 1340 :

154 1425 236 1496 quas
252 1403 352 1472 etiam
370 1399 460 1493 apud
475 1398 652 1470 Platonem
669 1397 774 1470 salvas
791 1421 861 1468 esse
880 1395 1091 1468 demonstrat
1104 1391 1163 1488 hy-

154 1520 320 1614 potheses.

569 1636 668 1694 [osrur
684 1637 746 1680 uu.

323 1750 364 1798 DE
381 1750 507 1799 ZODlACl
526 1750 741 1810 OBLlQUl‘l'ATlS
757 1748 990 1812 sttruwolnu]

205 1885 388 1956 Moventur
404 1899 518 1956 autem
533 1899 619 1956 astra
636 1887 818 1954 inerrantia
832 1887 961 1954 circum
976 1907 1088 1961 axem,
1103 1885 1162 1976 qui

153 2007 251 2101 polos
271 2010 465 2102 pertransit,
491 2006 720 2086 immobilem,
746 2021 845 2102 atque
870 2007 1009 2076 erratica
1033 2007 1161 2074 circum

154 2127 278 2198 zodiaci
300 2155 412 2208 axem,
434 2131 492 2223 qui
515 2127 653 2198 zodiaco
676 2105 718 2198 ad
737 2125 1022 2222 perpendiculum
1042 2140 1106 2206 est,
1129 2139 1163 2196 et

153 2252 298 2320 invicem
311 2249 489 2320 discedunt
501 2251 722 2320 inerrantium
739 2263 840 2342 atque
853 2251 1073 2318 erraticorum
1087 2270 1162 2316 axes

154 2369 349 2466 quindecim
361 2371 506 2440 laterum
519 2372 678 2468 polygoni
693 2393 765 2440 uno
778 2370 893 2440 latere.
911 2370 1053 2464 Bipartit
1066 2391 1164 2438 muu-

155 2491 237 2562 dum
260 2492 431 2571 zodiacus,
457 2507 574 2587 utpote
596 2495 776 2571 maximus‚
801 2505 902 2586 atque
928 2493 1073 2564 universi
1099 2494 1166 2560 cir-·
1204 2529 1207 2536 ·

153 2617 246 2683 cuitu
272 2617 307 2682 in
335 2613 408 2686 360
432 2613 553 2708 gradus
577 2614 696 2693 diviso,
724 2611 876 2683 zodiacus
901 2616 1060 2708 utrinque
1092 2611 1160 2682 180

153 2734 273 2830 gradus
290 2751 429 2830 separat.
449 2733 657 2830 Obliquitate
675 2749 789 2805 autem
806 2759 864 2804 sua
883 2734 1037 2804 zodiacus
1052 2733 1094 2803 ab
1109 2733 1160 2803 hi·

153 2855 262 2926 berno
279 2857 440 2952 parallelo
459 2856 501 2926 ad
518 2859 670 2928 aestivum
687 2859 864 2952 pertingit:
885 2859 977 2952 atqui
990 2855 1031 2925 ab
1046 2859 1161 2927 aestivo

39 3015 42 3019 ·
155 2979 197 3048 ad
222 2982 382 3049 arcticum
406 2995 484 3048 sunt
511 2979 631 3073 gradus
654 2979 717 3058 30,
743 2994 781 3048 ut
802 2977 904 3050 tradit
929 2977 1158 3074 Hipparchus,

153 3227 275 3286 numicis
289 3226 500 3310 hypothesibus
510 3231 571 3311 jem
592 3250 652 3288 non
667 3229 771 3309 agitur.
791 3227 823 3286 ln
840 3226 954 3295 codice,
975 3237 1040 3308 post
1058 3229 1161 3286 ὑποθέ-

152 3351 229 3396 σεις.
246 3331 378 3412 sequitur
392 3337 549 3397 κινοῦνται,
566 3342 677 3412 puncto
689 3341 803 3390 tantum
819 3331 997 3411 interposito.

195 3431 204 3460 ⁸
227 3433 260 3492 ln
275 3433 374 3494 codice
388 3433 533 3494 ἀπλανεῖς.

195 3535 204 3564 ⁹
226 3536 261 3596 ln
275 3536 374 3596 codice
388 3544 446 3596 τῶν
459 3535 567 3596 πόλον.

150 3653 154 3662 ’
186 3637 206 3666 ¹⁰
228 3639 261 3698 ln
276 3637 375 3697 codice
389 3638 533 3698 ἀπλανῶν.
546 3693 549 3708 ,

185 3741 204 3770 ¹¹
228 3741 262 3801 ln
277 3739 375 3800 codice
388 3726 438 3821 ἷτ-ρ.
858 3781 860 3788 =

185 3842 205 3873 ¹¹
227 3845 260 3904 ln
275 3843 374 3903 codice
389 3847 563 3924 duscprtndv.
579 3843 637 3904 Sed
652 3841 716 3902 vide
733 3843 836 3905 Notum
851 3861 890 3900 ss.
