3016 4826
331 414 392 474 tra
637 409 865 471 CHALClDll
887 408 1029 469 Locos

331 537 437 603 ·tioni.
453 533 596 596 contraria
610 545 709 592 tamen
725 532 763 592 ab
777 553 812 592 eo
825 529 1029 592 circumfertur
1041 531 1198 612 agitatione
1208 528 1227 588 ¹.
1241 527 1337 602 Quare

331 639 386 698 «fit
397 650 431 699 ut
441 635 707 719 comprehendant'
720 657 750 695 se
762 635 886 696 invicem
901 645 930 694 at
944 655 961 692 a
975 653 1006 694 se
1018 653 1137 694 rursum
1149 631 1338 715 comprehen

331 741 460 802 adantnr
473 740 518 800 llo
532 738 649 800 stelle.»

372 841 433 902 Cur
451 841 503 904 has
522 841 618 902 stellas
637 843 698 923 pari
718 861 781 902 esse
800 841 878 900 dicat
896 839 1060 907 velocitate.
1079 839 1244 900 manifestat
1261 839 1337 920 ipse,

331 967 424 1028 quum
437 943 553 1008 asserit³
563 947 633 1006 anni
644 945 782 1006 vertentia
792 943 902 1027 apatio‘
916 963 1021 1004 cursus
1033 942 1216 1004 momnibus
1227 942 1337 1025 peragi,

332 1047 433 1108 sedita
447 1059 495 1116 nt,
508 1046 597 1108 modo
610 1045 736 1114 tardius,
751 1045 841 1106 modo
855 1045 1003 1106 incitatius
1017 1055 1134 1110 euntes.
1150 1041 1338 1126 comprehen-

331 1150 403 1210 dant
413 1149 540 1212 subinde
548 1148 661 1216 Solem.
672 1160 701 1208 et
713 1146 841 1209 subinde
852 1170 869 1209 a
881 1147 948 1208 Sole
959 1146 1247 1229 comprehendantur
1257 1145 1277 1204 ⁵.
1292 1145 1340 1204 Ait

330 1264 429 1314 tamen
443 1253 497 1314 lios
511 1253 594 1336 ignes
608 1253 892 1332 comminutamque
907 1250 1003 1310 ludera
1017 1251 1080 1310 aim.
1095 1249 1194 1324 Quam
1209 1269 1273 1310 rem
1292 1247 1340 1308 alii

331 1355 414 1416 aliter
425 1356 578 1437 accipiunt.
589 1353 718 1427 Quidam
727 1356 806 1416 enim
817 1355 1051 1416 contrarietatem
1062 1351 1139 1414 hanc
1148 1352 1229 1414 nasci
1238 1362 1341 1435 putant

332 1479 367 1517 ex
380 1478 431 1525 eo,
443 1458 523 1540 quod
537 1456 586 1518 Sol
601 1457 736 1538 quidem.
749 1479 844 1540 quum
861 1455 1031 1521 naturaliter
1042 1455 1080 1516 ab
1094 1456 1154 1518 ecia
1168 1454 1207 1516 ad
1219 1453 1341 1514 occidua

332 1580 446 1642 semper
456 1559 574 1628 feratur,
587 1560 709 1640 perinde
722 1572 757 1620 ut
770 1562 867 1620 omnis
882 1560 1014 1620 mundus
1023 1571 1166 1628 movetur,
1179 1556 1340 1641 epicyclum

333 1673 431 1722 tamen
447 1683 534 1721 suum
549 1673 667 1743 peragat
681 1664 751 1722 anni
765 1662 884 1744 spatio⁰.
900 1666 984 1747 cujus
998 1661 1119 1746 epicycli
1137 1663 1283 1722 contraria
1299 1670 1343 1720 eat

333 1765 482 1842 conversio
497 1763 602 1822 mundi
617 1762 827 1831 conversioni⁷,
843 1765 960 1827 Lucifer
973 1786 1040 1826 vero
1054 1777 1084 1826 et
1098 1764 1262 1826 Mercurius
1275 1783 1340 1824 oon·

335 1866 436 1924 trarios
451 1885 566 1947 semper
580 1877 676 1925 motus
690 1877 824 1925 exserant
843 1868 946 1928 mundi
963 1869 1191 1929 circumactioni.
1212 1866 1341 1942 Quidam

334 1989 401 2028 vero
416 1980 520 2050 putant
533 1970 706 2028 contrariam
721 1971 780 2028 vim
795 1971 858 2030 esse
873 1962 903 2029 iri
920 1971 964 2030 his
977 1971 1078 2038 stellis,
1092 1983 1250 2054 propterea·
1263 1968 1342 2052 quod

335 2072 583 2156 comprehendant
597 2072 672 2133 Solis
686 2075 832 2134 incessum
849 2075 1010 2135 Mercurius
1025 2087 1054 2135 et
1068 2074 1194 2142 Lucil'er.
1211 2085 1240 2135 et
1254 2075 1343 2133 inter-

320 2175 407 2263 dum
422 2186 600 2236 remorantes
617 2197 666 2236 eos
680 2176 729 2236 Sol
744 2176 971 2260 comprehendat
982 2177 1001 2244 ⁸,
1017 2200 1109 2260 quum
1130 2190 1211 2238 ortus
1228 2188 1258 2236 et
1274 2176 1343 2236 item

332 2298 453 2338 occasus
477 2276 703 2360 cffulsionesque
728 2291 758 2338 et
784 2279 1038 2348 adumbrationes.
1064 2280 1213 2342 interdum
1239 2299 1342 2345 mane.

335 2381 483 2440 interdum
503 2393 734 2462 vesperascente,
751 2384 907 2464 patiantur,
923 2383 1119 2466 precedentes
1137 2382 1239 2451 modo,
1256 2381 1344 2442 modo

336 2482 436 2543 relicti.
455 2481 503 2543 Sic
522 2485 601 2542 enim
621 2484 680 2543 lere
700 2506 815 2567 semper
830 2487 911 2568 juxta
931 2485 1029 2546 Solem
1050 2486 1181 2547 comitari
1200 2485 1342 2546 videntur.

336 2585 423 2659 Quod
442 2585 476 2644 iis
498 2607 554 2645 usu
574 2587 691 2658 accidit,
707 2609 741 2648 er
760 2610 795 2649 eo
812 2587 892 2671 quod
910 2610 968 2648 una
988 2588 1129 2648 medietas
1146 2599 1233 2672 atque
1251 2608 1344 2648 unum

336 2699 478 2769 punctum
498 2700 540 2747 est
560 2699 619 2748 tam
640 2689 813 2750 solstitialis⁹
829 2690 930 2750 circuli
942 2688 971 2758 ¹⁰,
991 2713 1080 2772 quam
1100 2691 1257 2774 cujuslibet
1276 2690 1344 2750 alte-

336 2793 397 2850 rius
412 2788 560 2852 stellarum
576 2789 691 2850 harum.

373 2993 377 3016 ¹
397 2992 432 3040 De
441 2992 510 3058 hujus
519 2993 621 3042 Platonis
629 2994 673 3044 loci
684 2995 888 3061 interpretatione.
899 2996 1043 3046 videillotam
1054 3016 1077 3046 a.

372 3075 380 3098 ²
398 3073 424 3122 ld
436 3084 470 3123 cst
480 3093 544 3125 eursu
556 3087 705 3144 assequuntur,
718 3073 955 3144 rasciapdduouotw
967 3067 983 3124 ζ’

373 3159 380 3183 ³
399 3159 433 3212 M,
444 3159 534 3207 adserit.

372 3243 380 3266 ⁴
397 3242 433 3295 Μ,
499 3242 528 3290 ic.

372 3326 380 3351 ³
398 3259 578 3382 Eodiiiicsensm
595 3347 642 3395 quo
657 3349 731 3397 supra.
743 3333 779 3381 Cs.
792 3333 929 3393 Quintiliani
944 3335 1040 3383 Dcrlnm.
1058 3337 1112 3390 llll,
1128 3338 1171 3390 25.
1185 3353 1210 3400 p.
1228 3337 1273 3397 267
1289 3336 1347 3382 Bur-

340 3410 417 3459 manni
427 3429 433 3457 :
441 3418 527 3475 portum
536 3413 718 3478 rovapreltcndere.

374 3495 382 3520 ¹
399 3495 436 3548 ll.
447 3493 531 3559 spacio.

376 3579 382 3604 ⁷
401 3578 436 3626 De
447 3577 491 3626 toci
499 3581 626 3636 sententia,
636 3582 688 3633 vide
700 3586 782 3634 Nolam
795 3587 816 3634 l.

375 3663 382 3686 ⁸
402 3659 490 3710 llodem
501 3679 579 3719 sensu,
591 3682 638 3732 quo
647 3685 724 3733 supra.

376 3745 384 3770 ⁹
403 3743 430 3792 ld
439 3745 573 3802 estsolcria,
585 3757 611 3796 ut
622 3767 698 3816 mpra.

367 3827 388 3854 ¹⁰
402 3825 484 3876 Giranli
495 3829 532 3877 liic
542 3830 649 3882 dicuntur
658 3835 761 3902 apicycli.
773 3839 830 3887 Vide
841 3841 922 3889 Notum
935 3861 953 3888 c.
