2964 4824
485 441 541 504 DE
563 439 856 504 ASTRONOMIA.
1110 443 1170 504 ³07

166 565 291 636 iterum
305 579 391 636 stare
406 563 586 648 videbitur,
604 581 637 638 et
650 565 790 638 tandem
803 563 1028 638 retrocedere.
1044 565 1173 638 Veram

69 754 77 776 ,
166 686 1185 796 stationesmammemque,adantecedentiamotnsetponcn

164 809 357 878 relictiones
375 809 595 880 erraticomm
614 823 782 880 astrorum
799 811 1065 904 uniuscujusque
1080 833 1174 880 nunc

165 931 202 998 in
217 928 283 1010 his,
299 953 392 1000 nunc
408 930 444 998 in
459 931 525 1000 iliis
542 929 627 1001 fient
642 933 742 1024 signis
760 944 795 1000 et
812 931 986 1026 signorum
1004 929 1170 1026 portibus,

165 1052 245 1146 quia
258 1054 426 1148 cujusque
438 1052 606 1148 cpicyclus
619 1073 754 1146 semper
769 1049 967 1124 transfertur
981 1054 1018 1122 in
1032 1075 1173 1147 sequen

165 1173 211 1242 tia
228 1174 335 1268 signa,
354 1199 415 1244 seu
430 1175 465 1242 in
482 1197 559 1244 eam
574 1187 706 1268 partem
721 1175 828 1267 reipsa
846 1172 991 1252 delatus,
1006 1198 1068 1244 eeu
1082 1197 1172 1267 ponc

164 1293 312 1368 relictus.

561 1435 661 1494 {carm
675 1437 778 1494 mn}

474 1533 528 1598 [ns
547 1533 655 1582 Manus
672 1531 865 1596 Dtsrnttttts}

218 1657 306 1728 Utile
329 1672 391 1739 eat,
417 1661 521 1729 nostri
541 1661 705 1753 propositi
727 1683 839 1738 causa,
866 1657 1015 1730 mediam
1034 1681 1172 1756 quoque
1285 1737 1288 1744 ,

164 1779 242 1850 astri
255 1781 386 1852 erratici
400 1779 591 1852 distantiam
607 1805 719 1860 nosse,
734 1805 892 1877 quaenam
905 1784 957 1852 sit.
974 1759 1172 1852 Secundum

164 1923 245 1997 crgo
260 1902 490 1999 epinyclorum
508 1901 830 1984 considerationem,
850 1905 876 1972 si
896 1903 1077 1975 maximam
1095 1906 1173 1974 mtri

164 2021 300 2100 anobis
317 2022 507 2094 dotantiam
525 2026 758 2103 sumserimus,
777 2023 886 2118 qualia
908 2036 958 2094 est
977 2023 1026 2102 da,
1047 2035 1081 2092 et
1102 2045 1175 2094 mr·

56 2155 59 2162 “
163 2169 219 2214 sus
237 2147 431 2226 minimam,
448 2145 555 2240 qualis
574 2157 624 2214 est
640 2145 692 2224 θν,
709 2142 1002 2238 differentiamque
1018 2145 1174 2218 maxima

164 2279 199 2336 ct
213 2267 379 2346 minim,
397 2267 503 2362 qualis
521 2280 570 2336 est
586 2293 635 2346 aa,
653 2265 972 2362 bipartierimmque
987 2289 1063 2336 cam
1079 2267 1115 2336 in
1133 2295 1171 2354 μ,

163 2386 294 2458 clarum
309 2401 357 2458 est
371 2386 522 2458 mediam
540 2385 613 2461 sore
632 2387 709 2458 astri
723 2385 915 2458 domnam
932 2388 984 2476 θμ.
1002 2387 1039 2462 Si
1058 2412 1173 2484 ergoe

163 2521 282 2578 centm
293 2509 325 2588 θ,
341 2507 438 2578 radio
448 2509 504 2596 θμ,
518 2507 794 2604 descripserimus
804 2510 970 2580 circulum
982 2511 1172 2581 concentri-

162 2654 244 2698 cum
256 2622 362 2716 μλΝξ,
378 2643 479 2724 atque
490 2645 635 2700 ecentro
648 2659 686 2718 μ,
698 2628 794 2700 radio
808 2659 862 2717 με,
878 2632 1070 2727 epicyclum
1083 2628 1170 2713 εζνη,

163 2749 302 2823 evidens
322 2765 371 2820 est
391 2749 464 2822 sore
485 2766 524 2821 ut
543 2765 685 2832 actm,
713 2753 748 2820 in
771 2751 912 2848 epicycli
934 2751 1063 2822 ambitu
1084 2749 1172 2823 dela·

164 2887 250 2953 tum,
263 2897 370 2968 quum
382 2875 417 2942 in
431 2889 558 2968 puncto
568 2903 582 2944 e
594 2871 704 2952 fuerit,
717 2875 863 2943 maxime
876 2899 895 2944 a
908 2871 1005 2944 nobis
1016 2871 1125 2957 distet,
1137 2879 1171 2946 in

208 3037 218 3066 ⁰
240 3039 272 3098 ln
288 3037 386 3100 codice
401 3051 445 3099 est
463 3042 581 3121 signum
601 3040 678 3099 vocis
696 3030 831 3120 sempev,
847 3037 924 3100 linea
941 3038 1110 3101 horisontaii
1125 3063 1172 3103 su·

165 3143 318 3224 posposita.
335 3143 407 3202 Vide
421 3142 563 3202 Tabulam
580 3163 611 3209 n.
628 3149 658 3200 n⁰
677 3164 685 3200 ι
699 3143 726 3224 j.

198 3243 217 3271 '⁰
240 3243 274 3304 In
289 3244 388 3305 codice
402 3250 445 3305 τό.

199 3345 217 3374 ¹¹
241 3348 273 3408 ln
288 3347 388 3411 codice
402 3351 446 3408 τό.
572 3398 574 3410 .

200 3449 218 3477 ¹¹
240 3450 274 3510 ln
289 3449 387 3510 codice
402 3448 485 3525 μλνξ.
501 3449 615 3511 Scilicet
629 3459 728 3512 auctor
743 3450 803 3512 duo
818 3451 885 3512 iecit
903 3465 1011 3535 puncta
1030 3475 1060 3522 ν,
1077 3471 1170 3515 unum

165 3554 195 3612 in
209 3550 351 3634 epicyclo.
367 3551 491 3618 alterum
502 3553 532 3612 in
547 3554 740 3614 concentrico.
755 3553 814 3614 Nos
829 3553 954 3616 aiterum
963 3555 1067 3639 majori
1076 3553 1170 3616 littera

165 3675 183 3715 rt
198 3655 229 3714 in
244 3665 304 3714 toto
318 3651 374 3712 hoc
389 3655 480 3734 capite
494 3665 522 3712 et
537 3655 566 3712 in
581 3656 754 3736 geometrica
766 3655 960 3738 descriptione
975 3657 1146 3718 cotosmor.

200 3756 220 3785 ¹³
242 3757 276 3816 ln
290 3755 389 3818 codice
403 3760 513 3836 κέντρα)
527 3754 558 3816 tt
572 3761 614 3818 τό.
1167 3741 1169 3746 ¹

199 3860 220 3890 ¹⁶
242 3862 274 3922 ln
290 3859 388 3920 codice
402 3859 508 3941 legitur
522 3881 555 3918 ro
569 3858 626 3925 aad.
642 3883 685 3930 νη

974 3983 1019 4034 20.

1256 1937 1309 1982 vta·

1206 1994 1300 2052 aucep.
1317 1994 1363 2038 ιιι.
