2970 4822
475 435 531 496 DE
556 433 854 496 ASTRONOMIA.
1107 437 1164 495 117

156 559 332 647 ingeniosis
350 559 496 646 quidem,
515 558 571 624 sed
588 559 677 624 vanis
700 557 929 649 hypothesibus
947 558 1006 623 niti
1027 558 1167 622 colestem

157 672 248 737 illam
265 671 421 745 Theonis,
438 670 503 738 sive
521 665 662 745 Adrasti,
679 670 882 736 mechanicum
897 670 1088 736 videbimus.

206 785 246 848 Et
257 784 362 872 primo
372 783 506 872 quidem
519 785 648 855 Theon,
663 781 811 856 Adrasto,
828 795 864 848 ut
876 783 1057 872 opinamur,
1070 782 1166 852 duee.

158 897 200 962 de
215 897 354 970 Eudoxi,
372 897 512 985 Callippi
529 908 561 962 et
577 894 750 960 Aristotelis
765 895 995 986 hypothesibus
1007 893 1168 981 judicium

159 1009 243 1075 serre
254 1011 405 1082 instituit,
420 1033 514 1097 quas,
528 1033 547 1073 a
559 1009 697 1096 genuina
709 1020 876 1074 auctorum
888 1009 1042 1074 sententia
1056 1030 1114 1095 per
1123 1007 1169 1072 in·

159 1123 420 1210 terpretationem
445 1121 597 1194 dederas,
620 1121 806 1208 suae‘ipsius
823 1119 987 1186 sententiae
1004 1119 1170 1186 similiores

159 1233 244 1303 facit.
268 1233 385 1300 Statuit
408 1254 482 1320 ergo
509 1255 584 1296 cum
608 1229 774 1297 Aristotele
796 1243 877 1298 astra
900 1254 1005 1320 neque
1026 1253 1085 1320 per
1104 1251 1170 1296 sese

160 1345 280 1432 ipsein
298 1343 432 1410 circulos
450 1355 507 1408 aut
521 1343 621 1431 spiras
637 1343 773 1416 moveri,
793 1365 898 1431 neque
915 1343 1041 1409 circulis
1057 1341 1170 1408 infixos

160 1455 253 1530 serri,
272 1457 328 1522 sed
344 1455 477 1545 sphaeris
494 1459 593 1542 quinti
610 1460 756 1544 eorporis,
774 1456 809 1522 id
826 1469 872 1522 est
888 1456 1031 1530 aetheris,
1049 1456 1168 1528 inesse,

161 1590 300 1655 quarum
311 1581 443 1634 *motum
460 1568 681 1656 participantl.
700 1567 855 1646 Quartam
877 1580 986 1633 autem
1007 1567 1170 1634 stellarum

159 1681 338 1745 errantium
355 1681 512 1768 cujusque
529 1680 688 1768 sphaeram
711 1680 842 1746 Eudoxo
859 1679 955 1747 luisse
979 1681 1079 1747 eredit
1100 1701 1171 1746 eam

158 1793 252 1879 cujus
269 1793 428 1858 maximus
445 1793 496 1856 axi
511 1792 552 1858 ad
569 1792 838 1880 perpendiculum
856 1792 993 1858 circulus
1010 1793 1050 1858 sit
1066 1781 1170 1881 epiey·

159 1905 243 1976 elus,
262 1927 327 1992 quo
343 1906 378 1969 in
396 1905 600 1971 altitudinem
616 1905 706 1970 stella
722 1917 896 1980 moveatur,
915 1917 947 1971 et
962 1905 1051 1972 idem
1066 1905 1172 1971 visum

160 2018 258 2084 fuisse
276 2017 450 2092 Aristoteli,
463 2019 521 2106 qui
533 2031 685 2108 preterea
697 2018 836 2106 sphaeras
847 2019 1068 2091 tvelrrloloas,
1080 2017 1114 2084 id
1126 1995 1177 2083 est*

161 2131 291 2196 dentata
306 2141 458 2218 tympana
470 2131 555 2197 inter
565 2131 708 2196 dentatas
722 2132 918 2220 sphaerarum
931 2129 1115 2220 superficies
1126 2131 1173 2196 in-

162 2241 327 2328 terposita,
341 2241 508 2309 addiderit.
522 2243 585 2310 Sed
597 2243 665 2308 haec
676 2267 695 2308 a
706 2243 817 2309 Nostro
828 2243 913 2309 male
922 2243 1081 2309 intellecta
1091 2263 1172 2316 esse,

163 2365 196 2420 et
212 2354 306 2441 longe
322 2355 413 2420 aliter
430 2357 562 2423 sensisse
578 2355 762 2430 Eudoxum,
782 2355 968 2444 Callippum
983 2367 1016 2421 et
1033 2355 1174 2422 Aristote

163 2467 244 2540 lem,
256 2466 328 2553 jam
345 2467 485 2534 diximus
493 2467 516 2533 ².

631 2654 645 2710 S
667 2657 709 2712 18.

440 2783 567 2824 lucrosus
587 2785 747 2824 utrornmts
766 2760 898 2830 uurvsiss,

210 2917 297 2980 Tum
314 2917 383 3004 ipse
404 2915 534 2990 Theon,
551 2919 601 2982 vel
619 2916 785 2992 Adrastus,
808 2919 1006 3006 sphaerarum
1029 2916 1175 2983 Aristoto
1240 2950 1332 2980 ..uu

165 3025 260 3091 licam
285 3049 489 3116 compagem,
514 3029 644 3116 qualem
668 3031 729 3096 sibi
753 3031 861 3104 finxit,
887 3027 1175 3096 Alexandrinorum

166 3149 421 3206 astronomorum
438 3141 576 3208 inventis
593 3144 833 3210 acoommodare
854 3153 995 3208 conatur.
1016 3141 1106 3206 Illius
1123 3165 1176 3206 au·
1285 3228 1288 3234 ,

167 3262 233 3315 tem
245 3252 469 3339 hypotheseos,
482 3277 596 3342 quam,
610 3267 646 3321 ut
657 3279 767 3322 rerum
781 3268 902 3322 naturae
915 3266 1175 3327 consentaneam,

168 3363 332 3449 praedicet,
350 3364 419 3430 haec
435 3389 563 3432 summa
579 3379 635 3434 est.

215 3475 320 3541 Stellae
346 3478 539 3553 inerrantes,
567 3481 653 3546 varie
680 3505 698 3546 a
724 3483 822 3546 Terra
850 3481 1016 3554 distantes,
1042 3480 1075 3543 in
1104 3501 1178 3545 cava

167 3588 290 3674 sphaera
308 3588 457 3676 dispersae
480 3603 556 3658 sunt
580 3593 663 3658 inter
684 3591 764 3660 duas
789 3594 872 3681 ejus,
896 3593 1055 3658 internam
1079 3601 1176 3656 exter-

208 3739 213 3768 ¹
238 3736 302 3790 Vide
314 3737 395 3810 hujus
409 3737 473 3792 Dius.
486 3750 553 3813 pert.
568 3739 640 3803 ll,c.
655 3757 689 3804 ru,
703 3737 715 3792 S
730 3742 770 3794 ll.

206 3831 215 3860 ²
237 3829 301 3884 Vide
313 3831 394 3904 hujus
406 3830 471 3886 Diu.
484 3843 551 3906 part.
563 3832 602 3896 ll,
621 3853 643 3886 c.
655 3850 701 3895 ιιι,
714 3830 727 3885 l
740 3833 765 3884 ὀ.
