2970 4822
327 415 366 477 68
620 409 816 470 THEONIS
837 409 1044 470 SMVRNAEI

233 557 236 570 ·
323 539 451 604 vertisse
468 558 554 599 nunc
564 544 762 621 compertum
775 543 822 596 est
831 532 853 605 ¹,
863 532 904 596 de
916 532 1032 597 horum
1043 555 1194 598 versuum
1206 545 1342 601 auctore

322 649 409 714 varie
432 657 625 712 erraverunt.
650 647 745 716 Nam,
769 656 806 708 ut
825 645 939 709 merito
962 645 1084 709 censuit
1109 645 1271 718 Naelrius²,
1298 646 1338 710 hi

321 783 443 834 versus,
456 781 535 846 quos
548 759 780 844 elepantissimos
791 757 1008 843 indulgentior
1023 757 1139 823 Galeus
1152 769 1335 830 vocaverat,

320 893 428 938 revera
445 870 599 943 technici‚
619 869 762 942 obscuri,
786 869 993 955 inelegantes,
1014 866 1232 934 Alexandrum
1247 870 1334 934 AEto-

319 983 403 1057 lum,
422 983 560 1048 elatioris
574 983 703 1071 poeticae
724 982 841 1069 lingua
859 981 983 1068 generis
1004 982 1198 1054 studiosum,
1213 1005 1332 1070 parum

318 1097 439 1162 decent.
457 1097 582 1160 Homeri
601 1096 810 1182 olleqoriorum
826 1094 967 1159 auctori³
986 1117 1061 1180 ergo
1076 1095 1183 1181 potius
1199 1095 1332 1160 creden-

316 1208 410 1282 dum,
426 1204 607 1296 qui'eorum
617 1208 697 1272 duos
708 1207 816 1270 minus
830 1218 904 1270 noto
916 1205 1061 1291 ejusdem
1072 1205 1212 1270 nominis
1225 1205 1331 1294 Ephe-

315 1321 361 1384 sio
378 1333 477 1408 poetae
493 1321 613 1384 tribuit.
631 1321 680 1382 De
694 1320 755 1383 hoc
772 1330 879 1382 autem
896 1319 1069 1404 legendum
1087 1318 1262 1391 Ciceronis,
1277 1342 1329 1384 eo·

315 1433 390 1497 dem
418 1444 560 1518 tempore
585 1431 738 1502 viventis,
765 1430 938 1516 judicium.
970 1431 1019 1496 Ad
1049 1429 1190 1496 Atticum
1217 1431 1328 1496 scribit

314 1545 446 1610 Cicerol
458 1570 465 1607 ε
478 1575 489 1600 ι
502 1543 628 1610 AVibio
638 1544 736 1608 libros
746 1544 853 1630 accepi
866 1569 873 1606 ε
885 1555 977 1630 poeta
988 1545 1131 1630 ineptus,
1145 1566 1204 1608 nec
1216 1555 1326 1608 tamen

313 1656 394 1722 «scit
415 1656 511 1729 nihil,
528 1667 559 1720 et
575 1667 620 1720 est
641 1677 706 1720 non
727 1656 860 1720 inutilis.
880 1657 1032 1721 Describe
1052 1669 1084 1721 et
1105 1657 1267 1722 remitto.»
1283 1658 1327 1720 Et

311 1771 446 1856 rursusi>
459 1795 465 1832 :
480 1769 616 1834 «Libros
631 1766 816 1840 Alexandri,
841 1768 1027 1856 negligentis
1047 1769 1188 1834 hominis
1209 1780 1240 1832 et
1257 1791 1325 1834 non

312 1881 411 1946 «boni
429 1892 544 1968 poetae,
561 1880 618 1944 sed
637 1892 744 1946 tamen
763 1903 827 1946 non
847 1881 985 1954 inutilis,
1001 1881 1060 1946 tibi
1078 1881 1222 1946 remisi.»
1238 1881 1325 1946 Cum

311 1992 465 2059 Cicerone
474 1992 606 2059 omnino
619 1991 694 2056 facit
707 1992 859 2066 Theonis,
870 1993 920 2058 vel
931 1993 1038 2079 potius
1048 1991 1187 2064 Adrasti,
1200 1993 1325 2058 durum

309 2105 382 2169 satis
401 2105 442 2170 de
465 2104 533 2168 istis
552 2103 695 2168 versibus
711 2105 887 2190 judicium,
911 2105 963 2168 cui
985 2103 1136 2190 equidem
1156 2104 1322 2170 assentior.

307 2217 449 2282 Theonis
471 2217 577 2288 enim,
604 2215 653 2280 vel
678 2213 819 2288 Adrasti,
842 2216 1109 2303 vituperationem
1133 2217 1174 2282 de
1197 2217 1322 2284 musica

307 2340 407 2416 poetae
424 2327 601 2415 ignorantia
617 2327 726 2391 multis
743 2328 846 2392 verbis
863 2329 1056 2392 declaratam
1073 2329 1262 2400 nescientes,
1282 2352 1323 2393 ac

307 2464 371 2506 una
387 2463 480 2513 voce,
499 2463 613 2526 quam,
633 2441 667 2504 in
684 2440 824 2504 Theonis
838 2439 1067 2504 Mediolanensi
1083 2440 1318 2528 Parisiensique

306 2553 468 2618 codicibus
477 2565 675 2641 corruptam,
687 2576 704 2618 e
716 2553 946 2618 Mediolanensi
957 2551 1165 2640 descripserat
1174 2553 1317 2627 Vossius,

306 2665 444 2754 decepti,
456 2677 527 2754 post
543 2688 618 2730 eum
635 2665 847 2751 Grotiumque
862 2676 894 2730 et
911 2663 1061 2736 Galeum,
1078 2664 1317 2731 Schneiderus⁶

305 2787 336 2842 et
358 2777 503 2842 Naelius⁷
527 2775 743 2842 Alexand-rum
764 2799 782 2841 a
802 2776 941 2840 Theone
954 2787 990 2840 ut
1010 2787 1225 2862 μουσικάπατον
1249 2779 1319 2842 lau-

304 2888 373 2953 dari
395 2888 556 2953 immerito
576 2888 780 2953 crediderunt
793 2914 799 2952 :
813 2889 881 2951 haec
901 2899 1007 2952 autem
1027 2889 1167 2954 laudatio
1183 2889 1216 2952 in
1238 2892 1313 2954 Era·

302 3001 481 3066 tosthenem
497 3001 607 3084 caditss.
623 3001 717 3078 Quod
734 3001 774 3066 ad
792 2999 964 3066 Alexandri
978 3001 1107 3088 Ephesii
1120 3013 1315 3090 Γεωγραφού-

342 3151 348 3178 ¹
370 3145 435 3200 Vide
448 3145 513 3198 Dias.
527 3145 606 3217 hujus
620 3157 686 3219 part.
701 3149 725 3207 l,
740 3167 762 3200 c.
777 3167 800 3209 ι,
816 3145 829 3200 S
842 3150 866 3201 5.

338 3243 348 3272 ¹
368 3236 457 3292 Sclred.
468 3238 523 3293 orit.
537 3259 563 3313 p.
578 3242 641 3308 8-17
659 3240 760 3313 (Opnsc.
771 3241 855 3313 ptitot.
870 3255 887 3295 t.
900 3245 924 3306 1,
939 3263 963 3316 p.
980 3245 1085 3314 rura).

337 3337 347 3367 ³
370 3335 398 3386 ln
414 3333 503 3408 Opusc.
514 3332 613 3408 mythol.
627 3351 653 3407 p.
666 3338 719 3392 [126
733 3335 815 3390 Gulei.

336 3427 346 3460 ⁴
367 3425 445 3499 Epist.
458 3425 491 3479 od
503 3427 553 3480 Au.
568 3429 606 3490 ll,
621 3445 665 3482 ao.

335 3525 345 3555 ⁵
365 3522 463 3583 11,22.

336 3617 347 3647 ⁸
366 3615 397 3666 ln
410 3613 572 3676 Vitruvium,
583 3625 602 3666 t.
617 3615 655 3677 ll,
669 3635 694 3687 p.
709 3620 740 3673 ad
750 3656 756 3676 ,
767 3633 781 3668 e
794 3617 890 3670 Grotio.

337 3709 346 3740 ⁷
366 3703 454 3760 Scled.
466 3706 521 3760 crit.
534 3725 561 3779 p.
576 3710 592 3762 8
607 3706 710 3780 (Opuse.
721 3707 807 3780 plu'lol.
822 3719 840 3762 t.
854 3710 877 3772 l,
891 3728 919 3782 p.
933 3712 989 3781 ld)-

336 3801 347 3833 ⁸
365 3798 431 3853 Vide
444 3800 558 3854 Theonis
570 3801 666 3853 Astron.
680 3820 703 3853 c.
718 3819 758 3864 xv,
773 3801 818 3855 sol.
832 3806 850 3856 8
864 3802 888 3864 b,
903 3813 928 3855 et
940 3805 1033 3858 Notum
1046 3820 1073 3867 o.
