2964 4824
470 407 525 468 DE
548 405 842 468 nsreottotsst.
1099 409 1155 487 stt

156 533 287 602 clarum
298 535 505 626 estcorporis
514 557 560 628 πρ
569 531 744 612 umbram,
758 529 792 600 id
804 545 853 602 est
863 559 946 626 πρσ,
958 533 1036 602 coni
1051 529 1160 604 sonna

157 666 191 725 et
206 651 336 724 linitam
346 651 435 732 lore,
447 651 548 724 radiis
559 647 602 732 En
612 666 646 722 et
655 679 694 748 ορ
702 665 793 722 recta
804 654 967 746 porrectis
978 665 1012 722 et
1021 673 1162 724 concur·

155 773 307 845 rentibus
329 777 473 846 invicem
491 777 526 844 in
544 788 672 870 puncto
695 803 732 856 σ,
752 773 1032 870 quandoquidem
1047 776 1162 846 nnnor

156 910 205 965 est
219 895 402 968 diametrus
415 925 461 992 πρ
475 873 640 966 diametro
658 890 709 976 ξο,
732 910 766 966 et
779 895 815 966 id
829 893 868 966 fit
884 921 923 966 ex
942 898 1038 968 omni
1054 911 1158 992 parte.

205 1015 379 1104 Quoniam
403 1041 497 1112 ergo,
527 1042 589 1112 per
613 1015 919 1088 considerationem
945 1015 988 1086 de
1016 1016 1103 1086 Solis
1128 1032 1162 1087 et

156 1137 259 1208 Lunae
284 1137 447 1208 distantiis
469 1163 510 1208 ac
532 1137 836 1232 magnitudinibus,
857 1136 1004 1208 ostendit
1021 1137 1162 1233 Hippar-

155 1257 237 1332 chus
260 1259 338 1344 Sole
365 1257 472 1329 ferme
499 1260 619 1330 millies
642 1261 860 1354 octingenties
882 1261 1031 1353 octogies
1055 1261 1161 1330 conti-

155 1384 228 1453 neri
253 1380 368 1452 Terrae
394 1381 678 1475 magnitudinem,
706 1381 812 1452 Terra
840 1394 953 1450 autem
982 1382 1104 1474 septies
1130 1395 1163 1450 ct

153 1502 255 1574 vicies
269 1501 538 1597 magnitudinem
554 1503 659 1572 Lunae
668 1559 675 1582 ‚
685 1503 796 1574 multo
811 1516 925 1572 antem
943 1503 1162 1572 excelsiorem

154 1622 251 1692 Luna
267 1647 336 1692 esse
354 1623 485 1704 Solem,
507 1627 555 1693 ins
567 1638 684 1720 aperto
704 1638 753 1694 est
772 1623 886 1694 Terrae
909 1621 1069 1694 umbram
1089 1621 1162 1694 fore

154 1745 231 1814 coni
248 1742 357 1814 forma
376 1760 409 1814 et
423 1745 614 1818 secundum
631 1771 852 1818 communem
868 1743 1059 1816 diametron
1075 1745 1162 1815 Solis

154 1880 188 1934 et
204 1865 309 1936 Lunae
325 1865 549 1948 incidentem,
566 1881 666 1964 atque
681 1867 786 1938 Lnnae
805 1865 1091 1961 magnitudinem,
1108 1867 1161 1936 vei

153 2013 261 2082 quum
279 1991 423 2058 maxima
439 1981 603 2083 apparet,
627 1987 851 2083 amplitudine
870 1987 1003 2058 umbrae
1021 2013 1041 2057 a
1056 1987 1161 2058 Terra

153 2111 280 2179 cmnsae
298 2108 370 2181 lore
385 2113 568 2181 minorem.
588 2108 737 2198 Quando
755 2113 791 2179 in
812 2111 917 2180 altero
933 2106 1098 2197 συνδέσμῳ
1113 2124 1163 2179 est

152 2229 212 2300 Sol
222 2244 255 2299 et
268 2233 303 2300 in
315 2231 420 2300 altero
432 2231 542 2311 Luna,
556 2245 658 2328 atquc
670 2234 705 2300 in
716 2256 784 2300 una
794 2245 885 2300 recta
894 2232 984 2302 linea
993 2244 1072 2300 sunt
1083 2229 1161 2314 Sol,

152 2351 271 2433 Terre,
287 2353 409 2422 umbra
423 2367 457 2423 et
471 2354 581 2434 Luna,
596 2367 683 2423 tunc·
694 2378 732 2424 ea
747 2355 934 2424 necessario
949 2356 984 2422 in
999 2352 1159 2424 umbram

152 2473 266 2543 Terrae
283 2477 439 2555 incurrit,
457 2490 491 2544 et
504 2500 614 2572 quum
627 2475 745 2546 haesit
756 2475 813 2546 illa
827 2478 940 2547 minor
955 2476 1161 2571 nullumque

151 2595 215 2665 sibi
224 2598 402 2690 proprium
417 2596 540 2668 habeat
556 2598 689 2678 lumen,
707 2595 829 2666 desinit
841 2596 948 2667 videri
963 2623 1001 2666 ac
1014 2595 1159 2668 deficere

195 2797 204 2826 ⁸
226 2799 287 2860 Vox
302 2821 335 2860 ea
349 2799 446 2860 lexicis
461 2800 593 2862 addatur.

193 2902 203 2929 ⁹
225 2901 348 2984 Signum
363 2905 465 2971 Luna,
482 2915 624 2986 utsupra.
640 2901 873 2964 VideTabulem
889 2921 920 2968 n,
937 2907 967 2960 η’
985 2923 1018 2961 ra
1037 2902 1051 2959 b
1068 2902 1115 2961 tis.

187 3003 207 3031 ¹⁰
229 2997 352 3086 Signum
367 3005 451 3067 Solis.

186 3107 205 3135 ¹¹
218 3107 352 3190 ¹Signum
367 3111 470 3176 Lunae.
487 3122 519 3168 ut
534 3131 630 3190 supra.

186 3210 205 3238 ¹¹
227 3211 260 3270 ln
275 3213 374 3272 codice
388 3211 542 3282 κονοειδής.

187 3310 206 3340 ¹³
228 3313 351 3395 Signum
366 3315 469 3382 Lunae,
486 3327 628 3396 utsupra.
746 3369 749 3374 .

185 3413 206 3444 ¹⁴
227 3416 350 3499 Signum
365 3417 449 3478 Solis.

185 3518 204 3546 ¹⁵
227 3519 259 3578 ln
275 3519 373 3580 codice
389 3522 528 3600 scriptaun
543 3531 585 3578 est
599 3519 736 3590 σελήνης.

184 3622 204 3650 ¹¹⁵
227 3621 351 3703 Signum
366 3621 449 3682 Solis.
512 3642 515 3646 ·

181 3722 200 3752 ¹⁷
223 3723 347 3806 Signum
362 3726 464 3792 Lunae,
479 3743 568 3808 supra
582 3725 662 3809 quod
678 3737 745 3786 sunt
759 3723 836 3785 linea
850 3725 1049 3794 hor-immede,
1060 3725 1155 3786 littere

150 3837 212 3899 net
226 3839 359 3888 accentus
376 3839 484 3888 acutus.
500 3827 573 3890 Vide
588 3828 731 3888 Tabulam
747 3849 778 3896 u,
794 3834 825 3888 η’
843 3849 876 3888 12
894 3851 922 3888 a.
1020 3871 1022 3874 -

970 3949 1002 3999 21
