2992 4822
325 421 366 484 36
618 413 811 477 Turonis
832 413 1037 476 SllYllNAEl

371 544 410 608 Et
426 541 523 630 paulo
539 539 793 628 infrascriptum
809 549 876 604 est:

784 651 867 717 1821

754 748 900 770 Μ

370 804 469 871 Panlo
482 803 578 870 eliam
595 801 694 876 inira,
711 802 773 868 alia
788 823 903 868 manu:

511 914 617 982 Codex
639 911 990 986 Tellerionodlememr's,
1009 915 1053 980 35

511 1027 582 1115 lieo.
603 1027 693 1092 2163

655 1159 672 1204 2

799 1285 856 1341 52.

371 1439 406 1506 ln
422 1440 483 1506 hoo
498 1437 619 1511 codice,
638 1437 780 1524 capitum
793 1435 878 1502 tituli
893 1437 992 1502 rubro
1006 1437 1110 1504 colore
1119 1437 1335 1526 scripti-sunt,

325 1553 386 1618 nisi
403 1552 459 1616 ubi
476 1550 566 1616 aliter
582 1569 767 1620 monemus,
789 1571 850 1614 neo
868 1571 944 1614 vero
962 1549 1138 1636 majoribus
1159 1551 1336 1618 interuallis

324 1663 466 1730 noeteris
478 1661 571 1727 lineis
583 1661 833 1747 distinguuntur.
844 1661 1000 1728 Nonnulli
1016 1661 1124 1728 medio
1136 1663 1250 1736 textui.
1268 1687 1335 1732 me

323 1777 384 1842 diae
402 1776 509 1848 lineae,
527 1774 596 1838 sine
612 1773 679 1838 ullo
695 1773 858 1846 discrima,
875 1773 986 1838 inserti
1003 1786 1087 1840 eunt.
1109 1774 1174 1842 Sed
1190 1776 1335 1864 capitum

323 1888 432 1954 titulos
445 1887 550 1953 nullos
561 1885 697 1952 auctoris
707 1908 776 1952 ease
786 1907 974 1974 pennarum
986 1886 1152 1952 habemus.
1163 1889 1233 1954 Non
1244 1889 1335 1953 enim

323 2000 504 2067 indicandis
524 1999 721 2064 diversarum
742 1999 846 2086 operis
865 1999 1007 2087 partium
1028 2001 1223 2086 argumentis
1248 2000 1336 2064 suffi-

323 2115 427 2188 ciunt,
446 2124 478 2178 et
493 2111 595 2199 aliqui
610 2121 685 2176 sunt
698 2111 837 2176 inutiles.
851 2107 1021 2178 Credimus
1033 2112 1091 2178 hos
1103 2135 1214 2178 omnes
1226 2113 1336 2180 liorlos

323 2238 412 2306 notas
428 2224 526 2290 suisne
542 2223 583 2288 de
598 2223 759 2288 variorum
775 2224 879 2310 operis
895 2223 1038 2290 looorum
1059 2235 1261 2312 argumento,
1280 2248 1336 2290 an-

322 2337 469 2424 tiquioris
490 2335 625 2422 alicujus
646 2336 763 2402 oodicis
786 2336 922 2424 margini
943 2336 1133 2424 adscriptas,
1153 2359 1190 2412 no
1205 2337 1281 2404 inde
1299 2337 1336 2402 in

322 2460 446 2516 textum
467 2447 642 2515 translatas:
659 2449 720 2512 Eos
740 2457 846 2512 tamen
865 2469 976 2515 omnes
997 2470 1015 2512 e
1036 2447 1144 2514 oodioe
1165 2449 1337 2514 Parisiensi

323 2562 499 2633 edidimus,
518 2559 575 2627 sed
596 2559 774 2628 minoribus
795 2559 908 2625 litteris
928 2582 996 2634 eos,
1018 2581 1098 2648 qnos
1117 2561 1336 2648 judicavimus
1397 2634 1402 2646 x

324 2698 391 2742 esse
409 2672 557 2747 inutiles,
580 2683 612 2737 et
633 2672 724 2736 uncis
745 2693 798 2737 eos
821 2672 1025 2746 inclusimus,
1048 2695 1128 2760 quoa
1151 2673 1337 2740 censuimus

324 2786 502 2858 addendos,
521 2784 586 2848 sive
601 2784 709 2858 titulos
724 2795 818 2857 totos,
837 2784 902 2850 sive
918 2785 1085 2856 titulorum
1101 2797 1215 2874 parles.
1268 2817 1270 2825 ·

370 2900 481 2964 Rubro
491 2897 588 2962 etiam
600 2896 703 2962 colore
714 2897 837 2984 scriptae
847 2908 921 2964 sunt
929 2897 1042 2985 primae
1051 2897 1163 2964 litterae
1174 2897 1335 2986 capitum,

325 3011 493 3077 autetiam
511 3008 767 3097 propositionum
780 3031 974 3096 paucarum,
993 3033 1065 3098 quae
1087 3010 1130 3076 ad
1148 3009 1279 3074 initium
1299 3011 1336 3075 li-

326 3146 408 3196 neae,
427 3122 527 3211 priori
545 3143 610 3198 non
627 3107 738 3209 plena,
756 3119 953 3206 rejiciuntur.

372 3233 470 3300 Allati
492 3243 661 3321 poetarum
678 3253 787 3298 versuo
806 3233 903 3298 textui
920 3245 952 3299 et
974 3235 1028 3300 alii
1050 3235 1134 3310 aliis,
1155 3257 1255 3325 prusae
1272 3257 1338 3301 ora-

326 3347 423 3412 tionis
439 3347 550 3417 instar,
568 3344 804 3409 continuantur.

374 3456 541 3546 Scriptura
556 3454 713 3521 ooncinna
730 3465 776 3519 est
790 3467 822 3520 et
838 3459 1019 3546 perspicua,
1035 3459 1133 3530 itaut
1148 3460 1188 3525 de
1201 3459 1339 3526 lectione

326 3591 399 3635 raro
413 3568 561 3634 dubitare
571 3567 681 3632 liceat.¹
690 3565 753 3632 Sed
764 3568 859 3634 verba
874 3569 956 3636 bene
968 3571 1085 3644 multa,
1099 3595 1171 3659 quae
1183 3570 1339 3638 facillime

328 3681 489 3770 leguntur,
506 3690 562 3746 aut
577 3701 679 3766 graeca
694 3700 764 3748 ,non
781 3691 870 3754 sunt,
889 3694 944 3748 aut
965 3706 983 3748 a
1003 3706 1038 3750 re
1055 3683 1217 3750 evidenter
1233 3683 1340 3750 aliena

329 3805 414 3859 sunt.
432 3791 594 3859 Nonnulla
609 3791 720 3865 verba,
737 3803 791 3858 aut
803 3793 958 3882 longiores
973 3796 1070 3863 etiarn
1083 3797 1340 3887 propositionum
