3016 4826
313 425 375 486 392
571 419 756 482 GEORGII
777 419 1062 482 PACHYMERIS

313 563 372 604 non
385 543 535 602 nominato
546 553 676 610 auctore,
689 541 867 602 inseruntur.
881 541 939 602 Sed
953 542 1054 601 insunt
1065 541 1153 602 etiam
1165 539 1322 610 nonnulla,

312 667 378 728 quse
389 643 467 727 apud
479 645 628 705 neminem
643 654 810 712 auctorum,
822 663 897 728 quos
909 664 990 703 nunc
1000 641 1158 711 hebemus,
1172 643 1323 702 inveniun-

312 760 382 808 tur:
397 747 551 831 interque
565 767 618 808 nos
635 769 669 808 ea
684 746 859 828 delegimus,
875 767 941 829 quae
954 746 992 806 ad
1007 746 1188 806 astronomiae
1199 743 1325 828 physica

312 851 471 932 praesertim
488 849 639 911 historiam
655 861 684 910 et
697 850 883 932 potissimum
902 848 940 908 ad
959 848 1179 932 intelligendam
1196 847 1325 908 Theonis

313 953 454 1037 Smyrnaei
467 951 666 1014 Astrunomium
679 953 774 1014 facere
788 955 848 1013 visa
863 965 940 1013 sunt.
960 952 1101 1036 Ejusdem
1120 951 1189 1012 libri
1207 951 1323 1021 locum,

313 1058 344 1114 in
363 1077 437 1141 quo,
453 1057 589 1118 aeodicis
611 1057 693 1119 2338
707 1055 777 1118 folio
793 1057 853 1118 235
869 1056 906 1116 ad
925 1055 1029 1116 solium
1051 1053 1126 1125 263,
1147 1055 1184 1116 de
1202 1055 1326 1116 circulo-

313 1181 381 1220 rum
395 1159 630 1244 angulorumque
644 1159 841 1243 sexagesimaii
854 1159 995 1220 divisione
1006 1171 1036 1220 et
1050 1159 1256 1242 supputatione
1268 1159 1325 1240 agi-

244 1269 247 1278 ‘
312 1275 374 1334 tur,
388 1274 521 1346 tempore
534 1263 655 1332 cadusi,
668 1263 766 1346 legere
777 1261 1004 1345 supersedimus.
1021 1263 1067 1320 An
1079 1261 1149 1322 insit
1161 1259 1326 1344 quidquam

314 1366 436 1450 alicujus
455 1369 613 1436 momenti,
628 1365 747 1427 videant
759 1367 812 1448 qui
825 1363 1098 1425 mathematicarum
1119 1363 1324 1432 scientiarum,

314 1479 365 1528 aut
379 1470 500 1530 seorsim
514 1470 557 1530 rei
571 1469 828 1551 trigonometricae,
844 1467 973 1527 historias
987 1465 1113 1527 student.

356 1571 400 1630 De
414 1570 584 1654 fragmentis
599 1573 648 1640 iis,
663 1592 728 1654 quae
742 1591 823 1632 nunc
837 1570 967 1652 primum
985 1569 1060 1652 typis
1080 1569 1250 1651 vulgamus,
1265 1567 1326 1628 haec

314 1672 373 1734 fere
387 1675 514 1734 veniunt·
523 1672 740 1756 praemonenda.
954 1670 957 1675 ’

357 1776 410 1836 82.
433 1776 467 1836 ln
484 1795 658 1838 rmeuuuro
673 1794 765 1836 esuuo
779 1774 811 1834 id
825 1775 970 1858 praecipue
985 1775 1149 1836 notandum
1170 1787 1226 1844 est,
1246 1775 1327 1858 quod

315 1891 430 1940 motum
444 1880 474 1939 in
494 1881 616 1962 spiram,
636 1877 689 1962 qui
710 1879 792 1938 astris
812 1877 975 1938 errantibus
991 1877 1140 1938 aPiatone
1160 1889 1188 1938 et
1206 1877 1327 1938 Theone

316 1980 465 2064 Smyrnaeo
479 1981 628 2051 tribuitur,
644 1981 680 2041 ad
695 1991 769 2040 astra
783 1980 871 2040 etiam
890 1980 1049 2040 inerrantia
1067 1981 1213 2064 pertinere
1231 1979 1281 2042 hie
1299 1992 1328 2044 et

207 2101 212 2111 '
315 2085 347 2144 in
357 2083 520 2166 fragmento
531 2095 635 2168 quarto
646 2083 716 2143 dicit
726 2081 869 2164 Georgius
881 2081 1085 2166 pachymeres,
1097 2094 1216 2165 propter
1227 2082 1329 2164 diurni

316 2207 420 2248 eorum
439 2188 517 2249 circa
537 2187 657 2247 Terram
681 2197 778 2246 motus
800 2185 1038 2268 conjunctionem
1054 2206 1123 2244 cum
1140 2184 1259 2268 obliquo
1275 2185 1327 2246 itto

316 2300 413 2360 motu,
430 2311 490 2374 quo
509 2312 526 2350 a
541 2290 656 2373 punctis
670 2289 911 2372 aequinoctiorum
924 2287 1085 2348 lentissime
1099 2289 1273 2358 abscedunt,
1288 2289 1329 2350 ita

317 2403 473 2453 uteorum
494 2393 587 2452 ortivse
604 2413 669 2474 quae
687 2391 827 2452 dicuntur
845 2387 1033 2473 amplitudines
1053 2411 1088 2452 ex
1107 2391 1211 2452 eodem
1231 2391 1329 2452 Terre

316 2492 382 2553 loco
396 2503 461 2576 post
476 2491 580 2554 saecula
594 2503 713 2560 mxutatae
728 2503 895 2575 appareant.
911 2492 945 2552 td
959 2513 1026 2553 vero
1041 2493 1130 2554 etiam
1149 2493 1327 2563 notandum,

318 2594 400 2678 quod
422 2593 520 2654 πόλοι
540 2593 711 2678 Pachymeri
727 2594 876 2665 dicuntur,
899 2616 960 2655 non
978 2595 1114 2678 polorum
1133 2607 1257 2679 puncta,
1277 2595 1329 2656 sed

317 2718 422 2779 semper
429 2719 561 2780 apparens
572 2708 601 2758 et
610 2719 714 2782 semper
724 2698 858 2767 occuitus,
872 2697 1009 2782 descripti
1021 2698 1132 2760 circum
1143 2697 1193 2758 illa
1204 2707 1328 2782 puncta,

319 2800 423 2860 circuli.
430 2801 539 2862 Vocem
550 2800 643 2860 editos
654 2801 690 2862 de
698 2799 847 2885 descriptis
860 2801 970 2862 circum
980 2801 1086 2861 mundi
1095 2799 1228 2862 cardines
1239 2801 1330 2862 circu·
1382 2862 1385 2867 ,

317 2900 369 2972 tis,
382 2902 434 2964 sed
442 2923 556 2986 semper
565 2905 715 2988 apparenti
726 2916 755 2964 et
769 2924 884 2986 semper
893 2905 1005 2966 occuito
1014 2905 1046 2964 in
1057 2903 1167 2966 Graeeie
1176 2915 1227 2964 aut
1236 2903 1267 2963 in
1276 2903 1329 2964 Ite—

319 3002 359 3062 lia
370 3004 464 3065 multo
477 3005 653 3075 minoribus,
666 3009 731 3089 jam
746 3017 813 3066 ante
827 3027 880 3066 sua
893 3018 1026 3091 tempora
1039 3006 1147 3068 Graecis
1158 3017 1329 3090 usurpatam

319 3105 407 3168 fuisse
420 3119 561 3171 testantur
572 3108 681 3170 Varro¹
698 3119 727 3168 et
739 3109 888 3171 Vitruvius
897 3108 916 3168 ¹.

362 3210 416 3272 83.
438 3211 472 3271 In
495 3231 669 3273 raaoururo
691 3231 840 3281 saeuuoo,
863 3213 899 3273 de
924 3214 989 3272 anni
1012 3213 1107 3294 tropici
1127 3211 1331 3293 magnitudine

320 3311 508 3374 Ptolemaeum
531 3315 662 3398 sequitur
681 3313 885 3398 Pachymercs,
905 3315 962 3374 nisi
979 3315 1060 3398 quod
1081 3326 1170 3395 partes
1190 3315 1331 3397 temporis

320 3489 483 3540 commentario
496 3489 522 3538 in
537 3490 602 3539 Arati
615 3489 760 3540 Phoroneas
770 3491 832 3557 typis
847 3490 923 3546 edito,
938 3490 1017 3556 paucis
1032 3490 1172 3558 interpositis
1185 3489 1332 3556 Pachymeris

320 3574 391 3640 ipsius
403 3573 492 3631 verbis,
507 3575 550 3641 qui
559 3574 609 3623 hoc
621 3574 700 3624 omnia
711 3591 737 3623 ex
752 3574 885 3641 ffipparaho
893 3573 978 3624 fatetur
988 3573 1115 3642 descripta,
1128 3574 1182 3628 vide
1191 3574 1215 3623 iu
1226 3572 1329 3641 ejusdem

320 3657 405 3707 codicis
415 3657 456 3707 ΙοΙ.
470 3660 585 3722 opidis.

356 3743 362 3770 ¹
380 3741 450 3809 Apud
466 3741 579 3798 Gellium,
592 3743 636 3798 ΙΙΙ,
648 3761 670 3790 x.

353 3828 362 3854 ¹
383 3827 609 3894 1X,r(rr),52,p.
625 3831 667 3880 atu
685 3826 829 3877 Schneideri.
