2964 4824
476 409 533 481 DE
556 407 850 472 As‘rttottottlt.
1106 407 1165 468 tat

163 548 288 631 puncta
301 534 515 628 bipartientia
529 527 606 612 ελυξ
617 534 846 604 excentricum
859 533 1075 606 manumet
1089 528 1174 619 μλσξ

162 660 434 736 conceutr'icum,
454 669 487 728 et
504 669 668 751 apparent
683 657 718 726 in
737 654 857 726 mediis
873 657 1035 750 utrinque
1049 658 1138 726 inter
1152 685 1172 724 α

165 795 233 868 ety
249 782 382 874 punctis
397 778 419 847 6
433 791 467 850 et
481 775 501 846 cl
513 776 718 858 testudineo,
738 781 823 848 sicut
837 791 962 870 puncta
976 785 1020 867 φ,
1037 806 1072 846 ω.
1086 775 1173 865 Quae

165 904 282 973 omnia
290 904 326 970 in
337 901 417 972 Sole
429 899 503 970 lieri
514 915 668 994 apparet,
681 899 821 978 scilicet,
832 923 942 993 quum
954 901 990 968 in
1003 923 1046 970 eo
1057 903 1174 970 omnia

164 1024 417 1094 restitutionum
431 1036 601 1115 tempora,
617 1035 784 1116 quantum
797 1045 896 1090 sensu
908 1023 1036 1116 percipi
1048 1035 1172 1115 potest,

166 1170 262 1238 aequa
281 1160 338 1217 aut
356 1143 463 1214 sermo
481 1145 626 1213 invicem
646 1144 862 1212 inveniantur
879 1141 1044 1236 (intelligo
1061 1157 1176 1214 autem

98 1309 104 1315 -
167 1283 322 1360 tempora
339 1267 591 1365 restitutionum
615 1264 848 1359 longitudinis,
869 1263 1054 1334 latitudiuis
1078 1279 1112 1334 et
1133 1267 1176 1336 al·

168 1386 350 1481 titudinis),
371 1386 450 1456 ideo
468 1387 569 1456 simul
592 1384 744 1456 incidere
767 1385 946 1456 ambarum
968 1386 1176 1480 sphaeramm

169 1511 288 1581 similia
302 1522 430 1602 puncta
444 1506 634 1578 secundum
647 1509 772 1578 similes
784 1511 959 1604 utriusque
972 1523 1085 1580 motus
1096 1534 1179 1580 sem-

170 1654 231 1726 per
241 1635 275 1700 in
285 1631 423 1704 eosdem
431 1631 539 1710 locos,
553 1644 586 1700 et
593 1631 628 1698 in
636 1629 757 1700 iisdem
764 1655 900 1724 semper
907 1633 1057 1725 conspici
1065 1655 1178 1727 signis

220 1751 394 1841 Quoniam
408 1775 489 1821 vero
501 1751 558 1820 tali
575 1753 795 1824 erraticorum
808 1767 976 1823 astrorum
991 1757 1059 1824 sive
1072 1753 1179 1848 sphra-

169 1901 285 1948 rarum
300 1880 427 1954 motui,
443 1877 488 1944 ita
501 1887 621 1944 natura
632 1874 806 1968 aequabili,
819 1876 965 1971 simplici
975 1891 1076 1970 atque
1092 1875 1181 1946 ordi·

171 2013 265 2078 ncto‚
295 1998 437 2091 obliquo
466 2010 580 2068 autem
606 2011 639 2066 et
661 2011 802 2092 propter
828 1997 1022 2070 natitatem
1046 2013 1180 2068 unsrun

172 2118 398 2188 inerrantibus
414 2143 503 2212 pone
526 2119 662 2198 relicto,
688 2134 746 2188 aut
763 2143 909 2212 qrrarum
934 2147 972 2190 ea
994 2121 1084 2200 sola,
1104 2143 1182 2214 quae

173 2241 331 2322 solidam,
356 2241 391 2310 id
415 2255 462 2310 est
486 2241 689 2336 epicyclum,
713 2240 791 2321 sert,
822 2244 989 2314 contrarie
1012 2255 1179 2322 movetur,

171 2389 227 2456 per
255 2361 396 2432 accidens
425 2365 551 2444 varius,
585 2363 762 2455 multiplex
792 2375 825 2431 et
857 2363 1067 2459 inaequahilis
1094 2367 1183 2436 acci-
1218 2337 1222 2354 ,
1292 2410 1294 2416 ·

174 2486 223 2555 dit
249 2486 326 2554 astri
351 2487 482 2554 erratici
507 2499 635 2564 monis,
658 2485 724 2580 [et]
749 2511 837 2556 unus
859 2487 998 2581 quidem
1023 2488 1097 2568 ille,
1124 2491 1184 2582 qui

174 2607 212 2678 sit
230 2607 272 2678 ad
290 2609 466 2702 sequentia
482 2614 588 2701 signa,
604 2633 662 2676 seu
679 2631 810 2688 revera,
828 2633 886 2678 seu
905 2635 967 2703 per
980 2632 1070 2704 pone
1085 2611 1182 2680 relic-

172 2734 319 2810 tionem,
339 2733 468 2824 quique
486 2743 626 2822 propter
644 2728 880 2824 obliquitatem
897 2734 932 2800 in
950 2732 1060 2828 aliqua
1078 2735 1184 2828 signo

209 2915 227 2942 ¹⁰
249 2915 282 2973 ln
298 2913 397 2974 codice
411 2917 488 2973 τούς.
548 2951 555 2966 ·

209 3016 226 3044 ¹¹
250 3017 282 3075 ln
298 3017 396 3076 codice
412 3022 508 3086 αὐτῆς.
570 3057 571 3060 =

210 3119 229 3146 n
253 3121 308 3178 Pro
323 3125 341 3190 ἥ
357 3130 427 3187 τῶν,
449 3122 562 3202 scripsit
579 3121 713 3180 librarius
734 3125 820 3189 οὕτω,
841 3121 978 3203 deceptus
999 3122 1186 3204 procedentis

178 3226 252 3280 οὕτω
266 3226 416 3282 memoria.

213 3325 233 3354 ¹⁵
256 3327 346 3386 Voces
367 3325 477 3403 ὁμαλή,
493 3325 588 3397 ἁπλῆ,
603 3331 780 3408 τεταγμένη,
796 3324 885 3397 loiri,
904 3328 1135 3407 ὑπολειπομένη,
1156 3331 1187 3388 in

179 3429 278 3488 codice
293 3441 360 3488 sunt
375 3431 470 3510 primo
485 3451 562 3488 casu.

212 3531 231 3564 ¹³⁴
255 3534 288 3592 ln
304 3532 402 3592 codice
418 3532 561 3593 ἀπλανῶν.

212 3637 230 3665 ¹⁵
254 3638 287 3696 ln
304 3635 435 3705 codiceri
452 3642 508 3712 pla.

211 3741 230 3769 ¹⁰
255 3740 288 3800 ln
303 3739 402 3799 codice
417 3746 574 3820 φερομένη.

213 3842 232 3871 ¹⁷
254 3844 287 3902 ln
303 3841 449 3902 corticeve
464 3847 518 3902 καί,
