2970 4822
474 437 545 496 'DE
569 435 883 498 ASTRONOMIA..
1125 437 1183 498 11111

171 589 251 633 rum
269 579 325 644 κα;
342 593 395 654 κγ,
412 587 690 658 unamquamque
704 566 871 658 majorem
891 586 961 630 esse
972 561 1064 630 linea
1081 561 1184 642 ,εἱ-01

171 685 445 781 unumquodque
466 699 672 779 punctorum
690 715 726 766 α,
741 713 773 773 γ,
788 684 921 778 longius
941 683 1065 754 distare
1079 708 1183 780 quam

172 809 211 892 β,
232 805 266 877 et
284 808 401 876 elatius
420 805 575 876 futurum
587 831 665 880 iesse
683 829 788 900 quam
804 807 839 891 β.
860 804 1021 875 Confluet
1040 829 1125 900 aqua
1144 831 1184 878 ex

172 959 192 998 α
212 943 284 1019 ety
304 927 346 998 ad
365 927 505 998 inferius
527 931 565 1013 β,
584 953 692 1022 usque
712 926 796 996 dum
814 928 839 1012 β
860 926 1033 1019 repletum
1050 939 1184 998 tannim

171 1077 223 1120 an
240 1051 354 1132 distet,
372 1065 542 1144 quantum
554 1064 740 1144 utrumque
759 1077 779 1117 α
795 1062 829 1117 et
842 1079 877 1139 γ.
891 1047 935 1118 Et
944 1050 1185 1138 0110111100οι0-

171 1172 228 1240 nia
246 1174 293 1240 in¹
307 1169 485 1265 superficie
511 1195 606 1266 aquae
626 1184 752 1265 puncta
773 1195 792 1238 0
814 1198 834 1238 κ
857 1170 1031 1265 aequaliter
1050 1169 1184 1247 distant.
1234 1151 1241 1168 ⁸

171 1293 267 1378 Patet
284 1317 363 1388 ergo
382 1295 492 1386 ipsam
515 1289 589 1362 fieri
611 1291 821 1386 sphaericam.
843 1289 965 1362 Omnis
986 1315 1066 1387 ergo
1084 1295 1185 1362 etiam
1306 1319 1315 1342 ·

171 1413 287 1483 Terrae
299 1414 401 1482 simu]
413 1414 583 1508 marisque
594 1413 703 1482 moles
713 1413 876 1507 sphaerica
889 1427 949 1484 est.
961 1413 1080 1507 Neque
1091 1417 1184 1486 enim

172 1537 344 1605 montium
370 1535 614 1615 excelsitatem,
638 1548 696 1604 aut
713 1558 915 1629 camporum
936 1533 1182 1618 humilitatem,

170 1681 233 1749 pro
245 1659 377 1726 ratione
390 1659 493 1726 totius
506 1656 605 1726 molis
614 1709 621 1736 ,
631 1669 795 1751 tanquam
809 1681 946 1728 causam
958 1656 1185 1730 suffioientem

170 1779 289 1874 aliquis
305 1777 481 1858 habuerit,
504 1802 567 1847 cur
578 1781 670 1873 -justa
683 1802 755 1847 non
773 1781 815 1846 sit
825 1777 965 1872 sphaerae
978 1777 1182 1874 superficies.

170 1900 294 1971 Totam
313 1903 406 1970 enim
422 1899 538 1970 Terrae
557 1899 845 1995 magnitudinem,
870 1900 1062 1970 seeundum
1081 1905 1184 1972 maxi-

170 2049 268 2092 mum
285 2025 388 2117 ipsius
407 2024 574 2093 oirctdum
592 2024 893 2102 circummensaun
913 2023 1101 2094 stadiorum
1113 2023 1185 2096 sere

173 2147 323 2214 n5nooo
336 2171 406 2214 esse
415 2145 564 2215 ostendit
572 2144 812 2216 Eratosthenes
821 2175 829 2226 3
839 2142 1059 2215 Archimedes
1069 2161 1184 2216 autem

172 2265 291 2334 circtdi
318 2265 503 2348 ambitum,
534 2293 570 2336 1n
594 2281 723 2336 rectam
751 2265 879 2336 lineam
908 2257 1102 2347 extensum,
1132 2265 1194 2338 ter'

172 2410 310 2479 aequum
341 2375 410 2456 esse
441 2386 608 2457 diametro
642 2401 677 2456 et
708 2389 877 2482 majorem
910 2377 1012 2456 etiam
1042 2390 1185 2483 septima

172 2511 335 2602 proxime
347 2509 450 2602 ipsius
471 2508 627 2578 diametri
648 2522 768 2603 parte:
792 2509 838 2576 ita
859 2519 898 2576 ut
915 2511 957 2576 sit
980 2522 1049 2578 tota
1069 2507 1184 2580 Terrae

167 2627 355 2700 diametros
379 2628 501 2700 80182
529 2629 717 2700 stadiorum
741 2631 907 2723 proxime.
935 2629 988 2698 1111
1014 2631 1107 2700 enim
1132 2645 1185 2702 ter

87 2820 90 2829 ,
170 2777 287 2848 aequus
306 2766 340 2821 et
356 2755 536 2846 septimam
552 2765 684 2846 partem
700 2755 813 2845 major
832 2752 980 2820 252000
998 2749 1183 2840 stadiorum
1275 2736 1277 2741 ¹

161 2989 166 2996 ,
214 2931 223 2959 ⁷
245 2933 279 2992 In
294 2934 492 3016 codice'dpwv.

215 3033 224 3062 ⁸
246 3025 278 3094 In
294 3037 393 3107 codiee
407 3035 532 3097 motitur
547 3036 768 3116 χθαμαλώτητα.

214 3137 223 3162 ⁹
245 3137 279 3196 10
294 3139 392 3199 codice
408 3139 573 3215 ἀνομαλὶας.

206 3237 226 3268 ¹⁰
248 3241 281 3300 ln
296 3241 395 3302 codice
408 3246 451 3302 τό.

206 3340 225 3370 ¹¹
249 3343 305 3403 Pro
321 3348 387 3421 μέν,
403 3347 434 3404 10
445 3345 545 3406 codice
557 3357 601 3406 est
615 3351 648 3414 4,
664 3347 717 3430 qui
729 3366 869 3406 numerus
879 3345 953 3405 nihil
966 3346 1003 3407 ad
1017 3366 1093 3414 rem.
1108 3344 1183 3406 sede

172 3446 379 3529 compendiosa
393 3449 535 3530 scriptura
546 3451 623 3510 vocis
640 3451 693 3526 μὲν
707 3448 790 3510 facile
805 3460 887 3510 ortus
901 3461 954 3510 est.

207 3547 229 3578 ¹¹
250 3549 324 3610 Vide
337 3549 479 3612 Tabulam
495 3573 527 3620 0,
543 3559 575 3612 n⁰
590 3553 639 3613 23.

200 3650 227 3682 '¹³
249 3653 306 3713 Pr'o
321 3651 345 3721 ζ’
361 3653 464 3731 μείζων
478 3661 510 3725 ἡ,
526 3657 558 3714 10
573 3655 673 3716 codice
686 3627 793 3738 legitur
808 3641 844 3734 Zp
857 3657 875 3726 ἦ
890 3679 896 3714 :
909 3655 989 3738 quod
1005 3655 1038 3715 ex'
1053 3675 1140 3716 sensu
1155 3668 1183 3714 et

173 3777 262 3840 supra
270 3757 359 3816 dictis
367 3758 555 3818 correximus.
568 3757 635 3818 vid„
646 3759 717 3818 Tab.
727 3779 758 3826 0,
770 3759 861 3820 0133.
873 3759 906 3818 10
916 3759 1072 3842 antiquiori
1082 3758 1181 3818 codice

172 3881 273 3920 vocem
290 3859 393 3938 μείζων
408 3861 614 3943 compendiose
629 3863 765 3944 scriptam
780 3861 869 3922 fuisse
884 3861 1026 3938 conjicere
1040 3859 1114 3918 licet.
