2970 4822
347 412 387 474 82
640 408 835 472 THEONIS
855 407 1060 474 SMYRNAEI

344 534 424 600 viter
444 542 476 598 et
496 531 621 605 lueida,
643 543 802 620 quantum
823 531 892 598 heri
916 533 1050 621 poterit,
1073 533 1125 600 hie
1148 537 1359 624 exponendas

344 645 549 734 suscipimus,
565 667 630 734 quo
645 643 767 712 facilior
779 657 810 711 et
825 645 923 712 tutior
938 645 978 712 ad
994 667 1047 712 eas
1062 647 1166 713 aditus
1179 659 1300 737 pateat,
1316 672 1357 716 ac

343 755 441 822 simul
460 756 598 822 examini
618 757 845 845 subjiciendas,
864 779 943 845 quo,
967 756 1048 846 quid
1067 757 1193 824 valeant
1212 771 1244 826 et
1262 762 1355 828 unde

343 880 418 934 ortae
427 869 505 942 sint,
519 869 644 957 plenius
653 869 864 957 dignoscatur.
875 869 1016 938 Theonis
1024 871 1221 938 Astrouomie
1230 872 1350 960 capita,

342 983 513 1071 dequibus
528 983 640 1072 agitur,
654 983 790 1071 margini
804 981 961 1070 adscripta
972 994 1056 1050 sunt.

733 1243 876 1303 CAPUT
897 1242 947 1304 lv.

370 1439 495 1481 THEONIS
510 1439 702 1482 ASTRONOMIAE
719 1438 885 1487 expostus).
901 1438 960 1490 Qus
976 1439 1012 1482 ΒΙ
1028 1441 1126 1482 EAM!
1142 1441 1315 1484 adornarunt.

815 1628 873 1683 st.

719 1793 753 1834 D}
773 1795 845 1834 emat
865 1795 969 1840 mm.

387 1987 512 2056 Coeium
526 2009 592 2052 esse
607 1985 798 2080 sphaericum
809 1985 960 2052 Adrastus
973 1985 1192 2054 demonstrare
1203 1999 1349 2062 conatur,

340 2119 403 2168 non
426 2099 650 2189 metaphysicis
674 2099 882 2186 argumentis,
904 2099 1021 2186 quihus
1045 2098 1246 2167 Aristotelesl
1271 2125 1350 2168 usus

338 2224 401 2286 est,
419 2224 451 2279 et
466 2234 606 2300 quorum
622 2221 746 2299 partem
762 2211 971 2276 Ptolemaeus²
987 2212 1132 2285 retinuit,
1153 2213 1209 2278 sed
1225 2235 1349 2299 geome-

339 2325 424 2390 tricis
437 2324 515 2397 illis,
533 2345 604 2411 quae
616 2323 686 2409 jam
697 2323 783 2410 apud
796 2323 983 2388 Ειιοίἰάειιὶ8
995 2323 1213 2400 inveniuntur,
1230 2337 1261 2390 et
1274 2349 1348 2412 quse

338 2435 503 2502 theorema
519 2457 583 2502 non
599 2437 750 2524 probant,
767 2437 961 2502 sedtantum
974 2437 1145 2502 ostendunt
1157 2438 1266 2504 omnia
1277 2439 1347 2504 fieri
1465 2493 1466 2506 ,

257 2583 260 2588 ·
338 2560 494 2637 tanquam
514 2549 635 2616 circum
656 2548 763 2614 Terrae
782 2560 928 2614 centrum
947 2549 1089 2636 quotidie
1105 2561 1227 2616 ouuotae
1249 2551 1346 2616 simui
1465 2559 1466 2604 t

338 2660 436 2728 stellae
451 2661 585 2728 menius
605 2661 819 2727 describerent
836 2659 1012 2748 parallelos.
1030 2661 1110 2740 Quae
1131 2663 1215 2734 ultra
1230 2665 1347 2751 pertin-
1465 2691 1466 2770 }

338 2784 421 2860 gunt
430 2772 554 2840 Adrasti
564 2783 764 2860 argumenta,
778 2795 815 2840 ea
824 2784 856 2838 et
870 2772 1045 2860 intelligere
1058 2785 1089 2838 et
1099 2773 1243 2840 refellere
1255 2775 1346 2842 facile

339 2898 394 2952 est.
407 2887 471 2952 Nec
485 2897 532 2952 est
548 2908 605 2950 cur
622 2887 666 2950 eis
683 2886 903 2950 immoremur.
921 2886 983 2950 Has
1001 2897 1109 2951 autem
1126 2907 1238 2952 omnes
1253 2884 1346 2974 appa-

338 2999 455 3065 rentias
475 3019 540 3063 non
558 2996 640 3063 effici
656 2999 762 3064 Terrae
775 2997 959 3084 quotidiana
978 2998 1099 3062 circum
1116 3021 1207 3063 axem
1225 3001 1346 3065 revolu-

337 3112 425 3179 tione
446 3111 664 3178 demonstrare
686 3133 726 3176 ne
752 3111 883 3176 tentavit
908 3110 1040 3197 quidem
1062 3107 1230 3184 Adrastus,
1259 3113 1348 3200 quod

337 3223 454 3292 frustra
469 3217 670 3290 tentaverunt
687 3221 886 3289 AristotelesA
903 3234 933 3288 et
945 3223 1132 3288 Ptolemaeus
1141 3226 1165 3290 ὓ.

378 3430 385 3459 ¹
406 3427 444 3480 De
457 3425 531 3488 colo,
545 3427 583 3488 11,
595 3421 649 3487 Μ
665 3423 722 3487 1-8,
736 3443 761 3498 p.
777 3426 828 3482 286
844 3425 924 3496 t-287
938 3444 967 3485 o,
981 3425 1021 3480 ed.
1035 3425 1120 3480 Berol.
1209 3475 1219 3493 ,

376 3523 386 3552 ¹
407 3521 490 3594 Gomp.
505 3517 578 3572 neoth.
593 3519 618 3581 Ι,
634 3537 663 3580 a,
676 3527 695 3570 t.
710 3517 733 3578 1.
746 3537 772 3592 p.
788 3535 851 3588 9-10
865 3518 973 3571 Hslmae.

377 3616 386 3646 ³
407 3612 530 3666 Pisonum.
545 3631 571 3686 p.
587 3612 637 3665 561
654 3611 715 3666 Dav.
730 3609 861 3685 Gregoryi.

376 3707 386 3740 ⁸
407 3704 580 3768 Decoloffi,
599 3705 687 3763 13-14.

376 3805 385 3835 ⁸
406 3799 489 3872 Gomp.
502 3797 578 3855 mast.
593 3799 618 3861 l,
634 3799 663 3864 6,
678 3800 732 3862 sl,
746 3818 772 3872 p.
791 3817 866 3870 ψῃ
882 3797 991 3852 Haimoe.
