2992 4822
316 435 358 496 22
610 431 806 496 Tfluortts
826 433 1030 496 SNYRNAEI

313 555 476 624 wnmndi
496 555 694 647 propositum
711 577 856 645 unquam
871 556 1005 646 perfecit
1018 568 1143 633 auctore
1164 558 1226 624 uisi
1241 559 1323 626 sorte

313 667 1321 759 inSeorialensiquodamoodice‚dequoueoxplumdieemus‚

312 781 380 848 sive
402 781 498 848 etiam
519 779 554 847 iu
574 803 641 848 uno
660 793 717 848 aut
737 783 835 849 altero
855 784 937 850 bene
957 783 1136 852 multorum
1156 783 1320 858 codicum,

313 894 371 982 qui
387 895 422 960 iu
437 894 533 961 variis
548 894 704 962 exuaneis
718 895 919 962 bibliothecis
934 907 1135 964 usewauurr
1145 897 1246 984 etqui
1261 897 1323 984 pri

314 1029 406 1073 mum
422 1019 547 1074 tantm
564 1007 685 1074 librum
701 1009 877 1076 creduntur
887 1009 1066 1084 continere,
1078 1031 1140 1075 nee
1151 1009 1225 1076 satis
1237 1031 1322 1076 aecu-

314 1131 379 1188 rate
403 1119 628 1190 deseribuntur
654 1121 689 1186 in
712 1119 892 1210 Catulopis¹‚
919 1123 1028 1211 plures
1053 1122 1150 1190 etiem
1176 1123 1323 1210 eusdem

311 1234 417 1324 operis
437 1234 512 1302 libri
532 1235 651 1302 lateant
674 1261 682 1299 :
703 1235 792 1322 qnod
813 1257 879 1301 non
899 1235 1072 1302 verisimile
1093 1233 1244 1323 quidem,
1265 1235 1323 1302 sed

202 1411 205 1418 ,
312 1367 372 1412 neo
389 1347 587 1444 impossibile
598 1359 655 1413 est.
671 1347 743 1413 Pari
756 1347 846 1413 enim
858 1355 964 1415 errore
976 1347 1011 1412 in
1024 1345 1222 1414 Bibliotheca
1237 1346 1323 1435 regie

312 1458 480 1524 Parisiensi
502 1459 645 1526 'lbeouis
665 1458 859 1525 Astmuomia
883 1483 985 1548 usque
1006 1477 1095 1526 nuno
1119 1457 1262 1532 delinit,
1287 1470 1323 1524 ut

311 1591 385 1668 mox
400 1570 555 1640 dimus.

357 1685 476 1750 Praeter
490 1706 571 1772 opus
586 1684 668 1750 illud
684 1685 719 1749 in
731 1684 876 1773 quinque
891 1697 995 1774 partes
1006 1685 1161 1757 diruam,
1178 1683 1269 1750 aliud
1280 1684 1324 1750 ed

310 1796 476 1862 Platonem
487 1795 585 1862 etiam
597 1808 742 1886 spectans
756 1797 918 1886 eripuisse
929 1798 1057 1866 vidum
1067 1797 1195 1870 Theon,
1208 1796 1243 1862 iu
1256 1819 1324 1884 quo

310 1906 409 1974 fuerit
423 1931 511 1975 error
524 1909 594 1982 ille,
612 1931 710 1998 quem
727 1909 933 1998 reprehendit
948 1909 1108 1982 Proclus²‚
1124 1909 1165 1975 de
1178 1908 1279 1974 Critia
1292 1920 1325 1974 et

311 2020 488 2096 Glaucone,
501 2033 656 2110 tanquam
666 2021 847 2091 Callaeschri
860 2023 945 2088 filiis.
957 2021 1101 2089 Glaucon
1112 2033 1236 2094 autem,
1249 2021 1322 2087 Cal-

310 2134 435 2202 loesclrri
451 2133 558 2208 irater,
575 2135 686 2200 mauis
700 2135 840 2204 Platonis
850 2135 1045 2202 Perictieues
1057 2147 1157 2223 pater,
1169 2134 1324 2226 platonici

310 2246 360 2312 De
379 2249 544 2336 Republiea
561 2247 695 2336 dialogi,
712 2246 903 2314 Parmenidis
924 2248 1021 2315 etiam
1043 2259 1074 2314 et
1089 2247 1232 2314 Convivii
1253 2269 1325 2334 per

310 2376 388 2427 sona
399 2371 460 2436 est3
473 2359 604 2433 Critias,
614 2360 797 2427 Callaeschri
812 2360 913 2434 filius,
928 2359 1118 2450 Proteum,
1133 2360 1322 2434 Charmide,

316 2469 439 2548 Tauroi,
452 2472 558 2540 Critio
569 2483 602 2539 et
614 2472 738 2562 Eryoio
750 2472 950 2562 dialogorum
965 2485 1012 2540 est
1023 2494 1175 2561 personaz
1188 2472 1229 2540 de
1238 2483 1324 2538 utro

310 2605 375 2673 que
389 2585 425 2651 in
440 2585 551 2652 moltis
564 2585 703 2654 Platonis
717 2585 849 2674 dialogis
859 2607 964 2652 sermo
979 2597 1035 2652 est.
1049 2585 1218 2650 Thoonem
1232 2605 1323 2671 ergo,

311 2709 367 2764 eut
380 2697 416 2762 in
433 2697 575 2786 aliquem
590 2699 708 2764 horum
721 2698 923 2786 dialogorum
940 2707 1193 2766 commentatum
1209 2695 1323 2768 fuisse,

311 2821 366 2876 aut
378 2810 422 2876 de
441 2811 581 2877 Platonis
596 2811 675 2885 vita,
692 2833 808 2898 genere
824 2823 856 2876 et
871 2810 1074 2899 philosophia
1094 2810 1130 2874 iu
1145 2809 1210 2876 alio
1226 2831 1325 2896 opere

309 2923 409 3012 egisse
434 2924 591 3011 conjicere
616 2925 699 2990 lieet.
725 2924 869 2994 Priorem
896 2925 1112 3011 conjeoturam
1131 2921 1325 2990 ooolirmare

309 3035 437 3102 videtin
456 3036 505 3110 id,
527 3037 673 3124 quod-iu
692 3035 834 3103 Theonis
854 3036 1051 3102 Astrouomio
1074 3036 1178 3124 eapite
1197 3033 1325 3101 decim

310 3159 411 3221 sesto,
433 3160 504 3237 post
519 3149 652 3230 allatum
669 3173 686 3214 e
703 3147 843 3214 Platonis
859 3149 1021 3237 Republica
1042 3149 1164 3221 locum,
1183 3146 1324 3234 legitur:

312 3261 408 3326 «Haec
423 3284 497 3350 ergo
511 3262 608 3328 etiam
619 3263 723 3338 Plato
741 3283 880 3348 quorum
901 3261 1197 3350 interpretationem
1213 3281 1271 3325 uos
1287 3258 1325 3322 in

312 3405 322 3429 κ
335 3372 568 3440 Commentariis
576 3375 782 3462 deRepublico
792 3377 990 3463 exponimus.
1004 3407 1015 3432 ι
1026 3374 1089 3441 Sed
1095 3372 1325 3438 utrumTheon

311 3486 345 3550 in
362 3487 424 3554 hoc
440 3488 524 3559 loeo,
542 3511 583 3553 an
600 3489 635 3552 in
652 3475 717 3553 toto
734 3488 794 3554 hoc
810 3489 911 3584 capite
928 3487 1079 3554 Adrastus
1092 3487 1251 3574 loquatur,
1265 3483 1326 3550 du-

351 3655 357 3683 ¹
379 3653 446 3707 Vide
463 3653 604 3727 presertim
623 3653 749 3708 Bernardi
772 3655 804 3708 de
822 3654 989 3710 Montlnucon
1011 3653 1183 3710 Billiotlscum
1199 3649 1326 3706 dilliotle-

312 3763 396 3800 curem
408 3763 464 3800 rus.
478 3744 610 3809 librorum,
620 3743 768 3801 etl'alrrioii
782 3745 848 3802 Bet
858 3769 894 3824 pr.
912 3748 956 3802 ed.
967 3747 1074 3811 Butler,
1090 3760 1109 3802 t.
1121 3748 1164 3810 IV,
1180 3766 1207 3820 p.
1222 3743 1325 3817 36-37.

349 3839 359 3869 ²
379 3837 408 3893 ln
424 3837 485 3892 Tim.
499 3858 525 3914 p.
539 3842 573 3894 26
587 3839 659 3894 lled.
671 3859 709 3915 gr.
720 3840 806 3907 Basil,
822 3861 848 3916 p.
864 3844 898 3897 58
913 3841 1074 3898 Schneideri.
