2992 4822
480 437 538 499 DE
558 435 854 500 ASTRONOMIA·
1132 437 1173 500 os

164 585 316 632 remunm
332 563 477 635 illorum,
495 562 530 626 in
547 561 689 626 Theonis
698 558 906 626 Ατόνότιοηιίόι
918 559 1103 633 obviorum,
1121 580 1174 626 va·

165 679 283 744 riantes
297 677 461 749 lectiones,
485 697 564 762 quas
586 683 698 740 omne's
714 697 732 738 e
747 673 917 738 Parisiensi
938 671 1061 746 codice,
1080 683 1175 760 atque

166 813 184 854 e
199 789 348 856 Vossiano
364 788 580 874 Grotianoqne
591 785 836 856 Mediolanensis
853 783 971 851 codicis
986 785 1176 874 apographis
1250 795 1254 802 '

164 923 224 992 per
235 901 369 968 editores
382 900 527 988 cognitis,
539 899 614 964 imis
623 909 738 964 nostrae
747 897 894 964 editionis
905 897 1030 985 paginis
1042 897 1176 986 adscrip

165 1016 279 1088 simus,
302 1025 419 1080 attente
440 1011 704 1085 considerateris,
722 1011 845 1077 videbis
867 1033 1082 1098 quascumque
1102 1021 1177 1076 sunt

163 1129 199 1192 in
217 1128 325 1194 codice
341 1125 509 1191 Parisiensi
525 1123 648 1188 menda
661 1123 824 1187 nomdcne
842 1121 938 1216 digna
957 1123 1176 1210 (et-permulta

165 1243 270 1323 sunt),
288 1260 326 1303 ea
343 1237 440 1302 etiam
455 1235 490 1300 in
501 1234 652 1302 Vossiano
665 1234 882 1322 Grotianoque
898 1255 1012 1300 eorum
1024 1255 1176 1300 versuum

166 1348 356 1438 apographis
371 1369 390 1412 e
407 1347 514 1414 codice
538 1345 766 1412 Mediolanensi
788 1343 903 1418 fuisse·
922 1346 1122 1434 paucissimis
1144 1357 1178 1411 et

165 1443 310 1526 minimis
326 1471 452 1524 tantum
469 1458 620 1546 exceptis,
639 1481 711 1545 quae
724 1457 866 1530 Vossius,
880 1469 935 1522 aut
947 1458 1091 1530 Grotius,
1105 1471 1175 1532 aut,

165 1575 226 1663 qui
240 1595 277 1638 ea
288 1573 399 1645 refert,
413 1571 642 1644 Schneiderus,
659 1570 815 1636 tacitevel
826 1571 1008 1636 inconsulto
1020 1571 1176 1658 corrigere

163 1697 346 1775 potuerunt.
365 1685 497 1756 Galeas,
516 1695 552 1749 ut
568 1684 637 1771 ipse
653 1682 833 1771 profitetur,
847 1683 941 1748 tacita
952 1683 1177 1750 emendatione

164 1821 240 1864 usus
257 1809 320 1870 est,
340 1819 412 1884 quae
428 1797 491 1886 ipsi
513 1819 578 1862 non
596 1819 722 1885 semper
739 1795 896 1861 successit.
914 1797 1009 1862 Verbi
1026 1797 1125 1884 gratia
1141 1797 1176 1862 in

163 1931 261 1976 versu,
273 1909 480 1981 duodecimo,
497 1931 556 1998 pro
572 1917 672 1988 νότηο,
690 1908 875 1974 Parisiensis
887 1919 920 1973 et
930 1909 1076 1975 Grotiani
1093 1909 1177 1974 codi-

165 2047 240 2090 cum
260 2023 411 2096 lectione,
434 2020 607 2108 legendum
627 2020 764 2107 conjecit
782 2030 898 2093 νότοτν,
924 2021 981 2085 obi
1004 2021 1177 2107 legendum

87 2151 91 2164 ·
164 2143 253 2212 νήτης
266 2135 301 2198 in
312 2157 405 2200 versu
416 2135 569 2222 vigesimo
580 2133 701 2221 primo,
713 2133 808 2198 metri
820 2155 929 2206 cansa,
943 2133 1067 2199 addidit
1077 2145 1176 2224 οτοόρό,

165 2246 223 2310 ubi
237 2245 354 2340 addere
363 2247 528 2336 oportebat
537 2256 649 2320 ττέντος
662 2245 698 2310 in
709 2267 803 2310 versu
815 2255 918 2318 sexto,
931 2267 1043 2311 vocem
1055 2255 1177 2336 φονοόὴρ

166 2381 184 2422 e
205 2360 387 2445 conjectura
403 2359 519 2425 Galeas
543 2358 645 2430 dedit,
663 2337 722 2446 pio
744 2357 859 2444 quain
881 2357 989 2423 codice
1007 2359 1179 2424 Parisiensi

166 2470 321 2559 legiturp
384 2501 433 2546 ον,
451 2471 486 2536 in
504 2470 657 2537 Grotiano
674 2480 781 2535 autem
801 2487 826 2558 φ
888 2500 939 2543 οο,
959 2481 990 2536 et
1005 2471 1178 2559 legendum

165 2594 268 2669 poclm
288 2609 296 2647 ε
313 2583 461 2649 ultimam
479 2605 596 2672 nempe
614 2579 753 2648 litteram
769 2583 804 2647 in
822 2583 1052 2649 Mediolanensi
1069 2583 1178 2650 codice

165 2695 257 2760 aliter
268 2695 419 2761 librarius
435 2695 489 2760 ille
507 2695 564 2783 qui
580 2695 791 2760 Parisiensem
803 2695 947 2760 codicem
958 2695 1110 2786 exaravit,
1123 2695 1178 2760 ali-

165 2819 213 2873 ter
229 2808 356 2873 Vossius
374 2808 464 2896 legit,
482 2819 537 2872 aut
553 2807 588 2873 in
600 2807 751 2875 Vossiano
763 2805 871 2874 codiee
884 2808 1022 2875 Grotius.
1035 2807 1072 2872 ln
1084 2831 1177 2874 versu

165 2931 273 2986 tamen
295 2921 449 3008 vigesimo
468 2931 600 3008 quarto,
621 2921 677 2985 nbi
701 2920 874 3008 legendum
895 2931 1024 3011 Οὐρανός
1042 2925 1179 2995 seeum

164 3043 266 3107 τόνον,
288 3045 320 3098 et
337 3033 523 3099 Parisiensis
544 3032 642 3102 codex
662 3033 905 3123 babetotpesoo
919 3038 1057 3107 ἑξότονον
1071 3043 1175 3108 τόνον,

168 3143 202 3206 in
218 3145 380 3232 margine²
397 3145 515 3210 recenti
530 3167 629 3210 manu
646 3155 833 3211 annotatum
845 3156 892 3210 est
901 3153 989 3212 τόνον
999 3146 1035 3209 in
1048 3142 1177 3212 Ambro

169 3253 258 3318 siano
273 3255 390 3322 deesse.
407 3256 471 3323 Sed
490 3257 690 3344 suspicamur
704 3266 791 3324 τόνον
806 3257 841 3320 in
857 3255 1086 3322 Mediolanensi
1101 3256 1177 3328 Am·
1272 3337 1279 3349 Ι

168 3366 315 3433 bresiano
330 3392 413 3443 esse,
430 3381 462 3434 et
481 3371 635 3436 omissum
657 3369 753 3435 luisse
773 3379 902 3434 tantum
922 3369 962 3434 ab
982 3370 1178 3437 exscribente

168 3479 285 3546 Vossio.
293 3479 388 3546 Certe
396 3481 859 3550 GrotianumVossianicodicis
867 3482 1179 3570 apographonbsbet

168 3601 299 3680 otperto
323 3595 459 3664 ἑξάτονον
484 3601 544 3684 (γρ.
570 3601 686 3680 τόνον),
711 3593 907 3659 Schneiderc
932 3605 1023 3668 teste,
1048 3607 1079 3660 et
1100 3595 1178 3662 inde

207 3742 215 3770 ¹
236 3738 265 3792 C.
277 3755 323 3802 xv,
338 3738 384 3792 sol.
400 3760 415 3810 7
427 3740 468 3795 bd
479 3723 508 3795 a.¹

206 3835 222 3876 ’τ
238 3831 291 3885 Vol.
307 3835 324 3887 8
340 3852 363 3886 a.
