2970 4822
482 415 538 476 ou
561 413 859 496 ternonount.
1119 415 1176 478 ιω

168 564 230 608 nus
245 541 450 616 nominatur,
467 553 627 635 tanquam
646 541 740 634 quia,
758 536 961 616 mediodie,
981 539 1039 609 sot
1055 539 1178 632 inipso

166 656 205 726 fit
223 660 381 732 excelsus.
401 660 564 732 Nonnulli
585 675 700 738 autem
719 683 800 730 cum
824 662 925 730 etiam
946 661 1103 732 colurum
1122 685 1178 730 vo-

167 794 260 860 cant,
284 785 362 877 quia
387 783 478 878 apud
505 783 680 854 occultmn
710 782 829 877 polum
852 784 955 876 ipsius
981 805 1058 878 pars
1080 781 1178 854 nobis

167 902 299 974 occulta
314 918 373 974 est.

591 1094 689 1149 [curor
705 1095 739 1135 n.

190 1207 192 1228 ³
231 1217 519 1282 ‘Qotttnttstutlenn
538 1224 959 1284 cluentioATt,urQo1nntt
979 1225 1102 1291 SECUSl]

219 1385 301 1458 Sed*
315 1386 559 1480 aequinoctialis
590 1399 624 1483 et
651 1385 740 1456 illius
768 1383 810 1454 ab
838 1399 981 1480 utraque
1006 1397 1103 1480 parte
1128 1388 1180 1456 siti

167 1510 285 1603 tropici
308 1507 376 1578 dati
395 1522 475 1578 sunt
493 1521 527 1576 et
545 1505 679 1576 stabiles
700 1505 890 1584 secundum
910 1505 1180 1602 magnitudinem

167 1645 200 1698 et
221 1633 437 1723 positionem.
461 1628 549 1700 Dato
571 1641 686 1701 autem
709 1628 870 1699 dicuntur
890 1631 1037 1724 positione
1055 1643 1180 1724 puncta

165 1765 199 1820 et
221 1751 337 1832 lineae,
359 1775 436 1846 quae
460 1748 622 1822 eumdem
646 1752 922 1846 semperlocum
948 1750 1122 1832 obtinent,
1148 1766 1182 1823 et

100 1872 104 1879 ’
165 1871 238 1942 dota
251 1872 464 1972 maynitudine
479 1875 585 1967 spatia
599 1885 632 1942 et
643 1873 741 1943 lineae
754 1886 789 1944 et
804 1874 933 1971 anguli,
947 1871 1071 1968 quibus
1085 1897 1181 1968 aequa

165 1993 319 2087 praebere
348 2019 537 2089 possumus.
569 1992 672 2088 Atqui
703 1994 849 2064 circulus
875 1995 1120 2090 aequinoctialis
1147 2009 1182 2065 et

132 2205 135 2212 .
168 2101 287 2208 tropici
311 2119 478 2210 utrinque
492 2114 655 2186 eumdem
678 2139 814 2208 semper
835 2113 993 2192 obtinent
1012 2115 1129 2185 locum
1147 2129 1181 2185 et

168 2234 302 2325 stabiles
321 2249 477 2318 manent,
499 2251 533 2308 et
550 2235 614 2311 illis
624 2259 748 2330 ‚aequos
763 2235 916 2331 praebere
937 2234 1096 2331 possibile
1115 2249 1177 2316 est,

168 2359 392 2452 aequinoctiali
405 2359 552 2455 ¹quidem
571 2357 763 2438 zodiacum,
783 2357 957 2428 horizonta
976 2371 1010 2428 et
1026 2357 1181 2430 meridia-

167 2503 268 2559 num,
291 2477 437 2552 brumali
461 2465 576 2552 autem
593 2483 747 2552 aestivum
764 2494 801 2551 et
822 2483 937 2552 aestivo
962 2479 1177 2550 brumalem:

168 2603 225 2709 qui
246 2616 428 2696 propterea
449 2627 589 2697 semper
606 2602 675 2685 dati
698 2617 792 2683 sunt,
813 2605 891 2698 quia
914 2628 984 2673 non
1008 2605 1042 2671 in
1068 2615 1180 2674 nostra

166 2737 332 2818 potestate
347 2739 404 2794 est
426 2750 484 2796 eos
508 2725 591 2796 tales
614 2739 672 2798 aut
694 2727 778 2806 tales
799 2739 961 2806 statuere,
984 2725 1043 2795 sed
1062 2738 1181 2794 natura

167 2848 313 2918 existunt
335 2847 417 2916 tales
437 2859 471 2917 et
488 2845 557 2916 dati
575 2859 669 2926 sunt,
688 2850 750 2922 etsi
769 2869 831 2932 nos
850 2871 920 2918 non
943 2845 1074 2916 demus.
1093 2844 1180 2934 Quae

167 2971 296 3038 veroin
309 2983 422 3040 nostra
434 2982 600 3064 potestate
614 2983 663 3038 est
676 2967 773 3049 dare,
789 2983 828 3040 ut
841 2971 919 3046 talia
931 2949 990 3039 aut
1007 2968 1178 3048 taliasint,

212 3211 221 3241 ⁵
244 3215 278 3276 ln
293 3211 392 3276 codice
406 3215 543 3276 δίδοσθαι.

211 3317 221 3346 ⁶
244 3318 581 3398 Ptolemaeincodice
590 3318 864 3403 estlitteral,cujus
873 3319 972 3382 deutra
985 3340 1052 3402 pars
1061 3318 1138 3378 linea
1149 3319 1181 3378 si-

170 3421 343 3482 nistrorsum
357 3421 551 3487 descendente
564 3433 687 3490 secatur,
699 3433 727 3482 et
738 3443 825 3504 supra
833 3433 923 3504 quam
931 3420 1018 3484 este'.
1028 3421 1183 3504 Scriptum

169 3521 1181 3606 compendiumilludnibilhabetdifficultatisllideTabulamn,n⁰21.

213 3624 222 3653 ⁷
244 3626 278 3689 ln
293 3625 394 3687 codice
408 3629 532 3710 τρόποι,
961 3667 966 3672 -

213 3729 221 3758 ⁸
244 3730 277 3790 ln
293 3729 393 3792 codice
408 3733 517 3791 αὐτούς.

212 3833 221 3862 ⁰
244 3833 277 3896 lu
294 3826 395 3895 codice
409 3834 535 3894 source.-
