3016 4826
488 439 543 502 DE
566 439 859 504 tsTnoNotttt.
1114 443 1172 506 stt

171 572 270 640 tinuo
285 581 362 662 post
379 589 418 638 ea
433 591 509 662 quae
524 531 567 636 ad
583 569 823 638 astronomiam
841 579 1007 659 spectant,
1026 581 1127 662 atque
1141 569 1179 638 il·

172 691 241 760 lam
256 690 358 758 etiam
375 687 469 758 Plato
486 688 574 758 inter
588 686 823 758 mathematica
839 689 994 782 quintam
1009 713 1080 760 esse
1097 687 1179 760 dixit

172 824 250 906 post
267 807 516 887 arithmeticen,
536 811 772 904 geometriam,
790 811 1057 880 stereometriam
1076 823 1111 880 et
1128 835 1177 881 as-

173 931 395 1011 tronomiam,
408 953 500 1001 nunc
513 955 552 1000 ea
564 955 640 1026 quae
652 929 716 1000 hac
729 929 821 1002 dere
833 931 1029 1000 summatim
1042 933 1180 1027 exponit

174 1052 380 1150 Thrasyllus,
395 1051 496 1122 simui
510 1075 591 1122 cum
605 1053 645 1122 iis
658 1075 735 1148 quae
749 1065 783 1122 et
798 1075 859 1123 nos
875 1051 1018 1124 antehac
1032 1051 1179 1125 elabora·

174 1176 298 1254 vimus,
319 1171 581 1246 ostendendum.

587 1375 771 1388 ᾖ

392 2485 501 2536 sunum
519 2483 705 2534 Pflttosorttt
723 2483 742 2532 Ε
761 2484 973 2534 stitt‘rlouttsus.

230 2647 265 2716 Si
278 2649 312 2714 in
327 2647 443 2716 circuli
456 2645 633 2742 superficie
647 2661 798 2716 sumatur
810 2661 990 2742 punctum,
1007 2646 1100 2740 quod
1114 2671 1183 2718 non

178 2771 221 2838 sit
235 2783 390 2840 centrum
410 2770 541 2850 circuli,
563 2783 597 2840 et
613 2772 649 2838 in
664 2767 731 2839 hoc
749 2783 877 2863 puncto
895 2783 1100 2840 concurrant
1114 2792 1184 2840 ver-

179 2892 260 2959 tices
272 2893 371 2960 rectis
382 2891 480 2961 lineis
492 2893 720 2962 constantium
735 2889 953 2986 angulorum,
967 2894 1026 2987 qui
1041 2887 1186 2960 arcubus

180 3009 299 3080 iisdem
316 3035 493 3106 aequorum
512 3014 601 3082 inter
619 3035 653 3082 se
668 3011 877 3082 circulorum
893 3013 1089 3090 innitantur,
1107 3033 1185 3106 pro·

224 3251 234 3284 ⁷
256 3257 313 3318 Pro
329 3261 593 3336 incestuositates,
609 3258 640 3316 in
660 3255 760 3318 codice
779 3269 823 3318 est
837 3258 971 3341 signum,
984 3256 1065 3342 quod
1079 3257 1145 3320 vide
1156 3259 1187 3318 in

180 3356 292 3419 Tabula
306 3377 339 3427 n,
355 3365 387 3419 n⁰
401 3361 437 3428 t.
453 3371 481 3422 et
492 3361 576 3443 cujus
589 3380 655 3442 pars
670 3361 814 3442 precipua
829 3360 955 3422 circulus
970 3373 1020 3422 est.

224 3459 234 3488 ⁸
257 3459 290 3520 In
305 3461 404 3522 codice
418 3461 526 3541 ληφθῇ.

225 3562 235 3591 '
256 3562 289 3623 ln
304 3562 404 3624 codice
417 3568 442 3624 ὁ.

206 3661 236 3704 ·'⁰
258 3663 292 3724 ln
306 3663 406 3726 codice
420 3665 537 3748 signum
552 3667 628 3726 vocis
642 3671 771 3748 κέντρον.
789 3667 862 3729 Vide
873 3667 1016 3730 Tabulam
1032 3688 1064 3737 u,
1080 3674 1111 3726 n·
1130 3690 1141 3728 ι
1161 3665 1187 3728 ct.

218 3763 241 3794 '¹'
261 3766 293 3826 ln
308 3765 368 3827 fine
381 3768 457 3828 vocis
472 3768 552 3829 deest
563 3792 590 3840 y.

219 3865 238 3895 ¹¹
261 3867 294 3927 ln
309 3867 408 3930 codice
422 3871 626 3952 εὐθύγραμμαι.
