3016 4826
372 383 643 450 FRAGMENTA
664 383 987 448 ASTRONOHlCA.
1122 385 1183 446 lli

179 519 249 569 sunt
259 506 384 576 circulo,
400 517 543 568 astrorum
553 505 723 576 altitudines,
738 517 767 568 et
780 527 846 590 quse
857 517 1032 568 suntortum
1043 504 1087 568 rel
1103 527 1183 568 occs-

178 631 245 670 sum
267 629 380 678 versus.
402 607 560 692 dejectiones
578 609 719 676 dicimus.
740 620 837 670 sumta
855 631 872 670 e
891 609 1061 693 corporibus
1079 611 1185 670 nostris

178 710 372 772 similitudine
384 735 389 770 :
402 711 650 794 quemadmodum
661 713 740 773 enim
753 723 841 796 ceput
853 723 986 772 nostrum
998 713 1028 774 in
1039 713 1184 774 excelsum

178 797 305 875 dicimus
315 815 401 898 erigi.
415 815 503 898 pedes
514 827 612 876 eutem
624 817 654 874 in
666 813 769 875 infimo
780 835 853 884 esre.
868 816 909 874 sic
921 815 1008 876 etium
1020 835 1086 899 quas
1099 835 1185 898 supro

178 927 267 998 caput
283 929 418 978 nostrum
433 919 546 978 suntin
561 915 715 978 altitudine
729 937 806 986 esse.
821 937 886 999 que
904 926 1003 977 sutem
1023 917 1054 976 in
1073 928 1184 979 antece-

180 1019 281 1080 dentes
297 1018 470 1101 [quotidianu
485 1021 544 1082 culi
559 1020 739 1100 conversione]
756 1029 851 1102 portes
869 1031 993 1100 vergunt
1008 1019 1143 1088 occidus.
1158 1031 1187 1078 et

180 1144 246 1204 que
257 1144 333 1205 poue
345 1125 467 1183 veniunt
479 1123 586 1191 ortivi.
599 1143 632 1184 eu
647 1124 678 1182 in
689 1121 849 1206 dejectione
862 1141 925 1184 esse
939 1119 1074 1182 dicimus.
1090 1122 1187 1198 Qusre

183 1226 268 1285 etium
282 1226 313 1286 in
329 1225 421 1288 ultum
437 1246 556 1308 surgere
570 1225 668 1288 Solem
686 1225 810 1286 dicimus
824 1224 861 1284 ab
875 1235 941 1286 ortu
957 1245 1051 1306 usqne
1071 1223 1108 1284 nd
1127 1245 1187 1284 me·

183 1325 301 1395 ridiem‚
318 1339 348 1388 et
362 1349 464 1388 rursus
479 1327 564 1411 dejici
583 1349 600 1387 s
617 1326 739 1388 meridie
757 1326 795 1388 ed
814 1347 959 1388 occssum.

225 1429 343 1490 Saturni
355 1450 424 1512 ergo
433 1429 756 1512 domnssnntAqusrius
764 1428 1006 1512 etCapricoruus.
1015 1425 1131 1490 altitudo
1141 1429 1185 1490 Li·

184 1531 244 1590 bre.
255 1531 333 1591 lovis
343 1529 437 1592 domus
448 1531 619 1613 Sagittarius
629 1543 659 1594 et
670 1533 781 1599 Pisces.
793 1529 911 1592 altitudo
922 1531 1041 1593 Cancer.
1054 1529 1129 1592 Solis
1139 1529 1186 1592 tlo-

181 1656 238 1694 mus
252 1655 310 1694 unu
321 1635 392 1704 Leo,
403 1635 517 1696 altitudo
527 1634 743 1696 Aries.Veneris
751 1632 844 1695 musas
853 1633 968 1696 Teurns
977 1632 1115 1704 etLibrs.
1127 1635 1187 1695 alti-

182 1735 244 1796 tudo
252 1738 355 1798 Pisces.
363 1739 453 1798 Lunae
467 1738 560 1798 domas
575 1759 634 1798 uns
647 1737 767 1806 Cancer.
775 1735 890 1798 altitudo
900 1737 1024 1799 Taurus.
1039 1737 1083 1798 De
1095 1737 1187 1798 Morte

181 1852 277 1902 auum
289 1853 318 1902 et
326 1842 470 1902 Mercurio
481 1853 625 1902 astrorum
634 1841 755 1902 studiosi
767 1839 957 1908 dissentiunt.
969 1851 998 1900 et
1007 1839 1055 1900 elii
1067 1839 1187 1922 quidem

181 1943 284 2002 dicunt
297 1941 390 2004 ἅοηιιιε
409 1943 509 2004 Martis
525 1963 586 2004 esse
601 1943 728 2004 Arietem
741 1957 772 2002 et
785 1943 954 2026 Scorpium,
966 1940 1189 2024 altitudinemque

181 2042 406 2126 Capricomumz
422 2045 561 2108 Mercurii
579 2044 671 2106 murus
687 2045 827 2106 Geminos
842 2057 871 2106 et
885 2045 1052 2126 Virginem.
1067 2044 1188 2106 altitudi-

182 2167 293 2228 nemque
304 2169 406 2208 rursus
420 2147 583 2230 Virginem,
596 2149 636 2207 itu
650 2159 684 2207 ut
697 2147 775 2208 idem
789 2147 918 2228 Virginis
932 2149 1049 2228 signum
1065 2147 1102 2208 sit
1116 2148 1189 2209 Mer·

182 2251 257 2310 curii
278 2249 369 2310 domus
388 2251 476 2311 simul
496 2263 525 2312 et
543 2249 676 2319 altitudo.-
693 2249 742 2310 ulii
759 2261 857 2311 nutem
869 2249 973 2310 dicunt
984 2250 1084 2311 Martis
1098 2249 1190 2312 domm

185 2372 247 2412 esse
267 2351 406 2413 Geminos
428 2365 456 2414 et
474 2353 640 2436 Virginem,
661 2351 882 2434 altitudinemque
900 2373 1000 2414 rursus
1022 2352 1189 2436 Virginem.

184 2453 321 2515 Mercurii
329 2452 422 2515 domus
437 2457 563 2516 Arietem
579 2469 607 2516 et
621 2455 791 2538 Scorpium,
808 2453 1028 2536 altitudinemque
1037 2455 1189 2540 Capricor·

186 2571 267 2618 num.
278 2556 337 2616 Hes
349 2577 419 2640 ergo
429 2557 585 2619 altitudines
595 2569 624 2620 et
632 2557 745 2618 decanos
756 2555 894 2618 munorum
905 2557 1086 2620 conserentes
1101 2569 1190 2618 ustro-

183 2657 243 2740 logi
252 2659 343 2720 satum
350 2663 531 2722 constituunt
540 2673 568 2722 et
579 2682 643 2722 eum
651 2660 831 2744 quedicitur
840 2662 969 2744 perierim,
982 2659 1057 2721 mele
1068 2663 1191 2722 scientes

184 2774 213 2822 et
226 2763 313 2822 nimis
324 2763 485 2845 periculose
500 2789 505 2821 ε
520 2764 630 2848 quippe
644 2764 695 2846 qui
708 2764 867 2823 errantium
880 2773 1024 2823 astrorum
1039 2761 1191 2822 altitudines

184 2875 213 2924 et
223 2863 379 2946 dejectiones
394 2865 562 2927 hominibus
578 2865 771 2933 distribuunt.
789 2866 1030 2949 Necessitatisque
1049 2865 1127 2948 leges
1144 2887 1192 2926 ens

185 2966 353 3028 hominibus
378 2989 412 3028 ex
440 2970 510 3052 ipsis
543 2969 686 3032 natalibus
714 2989 776 3028 esse
806 2966 981 3036 fabulentur.
1008 2967 1192 3029 observantes

185 3071 272 3130 etiarn
289 3093 404 3155 semper
417 3071 566 3155 quodnam
583 3074 619 3132 sit
634 3084 745 3134 nstrum
761 3073 901 3133 nntulium
916 3083 1066 3133 momento
1081 3075 1193 3140 oriens.

184 3171 280 3254 quulis
295 3176 383 3235 etium
398 3176 493 3235 oriens
513 3174 576 3244 sot,
594 3177 652 3236 sive
672 3175 781 3243 bonus,
803 3177 861 3236 sire
876 3174 979 3234 mulus.
996 3173 1053 3236 Sed
1069 3174 1110 3235 illi
1127 3175 1191 3257 reji-

186 3273 323 3335 ciuntur:
346 3275 509 3358 loquuntur
532 3279 611 3336 eninr
639 3299 654 3338 e
678 3289 777 3339 ventre
800 3299 889 3337 secun
909 3291 937 3338 et
958 3299 1043 3347 vens,
1067 3277 1193 3338 liberum

186 3376 292 3457 agendi
310 3378 463 3439 arbitrium
478 3381 607 3440 emedio
623 3381 763 3440 tollentes.

220 3547 297 3602 ⁵'l'tis
310 3551 374 3600 deest
386 3551 410 3598 in
421 3555 452 3606 Α,
466 3555 553 3600 uere.
