2992 4822
328 427 365 492 ra
618 425 817 512 ansonis
838 423 1048 490 suranna

324 550 384 616 nisi
401 565 483 639 quos
497 553 642 618 catum
654 547 829 636 generatim
844 550 961 616 rocat1.
981 551 1017 615 ln
1035 548 1207 618 Geometriu
1222 564 1337 623 stereo-

322 665 470 729 metriam
502 661 765 750 comprehendit,
797 664 1045 751 auctoribusque
1073 664 1174 731 utitur
1202 669 1336 736 Euclide

322 776 437 864 saepius
456 787 489 842 et
509 775 778 841 samantneme
800 773 1016 842 Alexandrino
1041 775 1075 842 in
1099 778 1245 866 primum
1264 783 1335 852 Pto

321 889 425 954 lemaei
443 888 669 976 Compositiom't
685 888 900 952 mathematicae
917 887 1048 954 librum.
1072 890 1107 954 ln
1124 890 1331 968 Astronomio,

320 1000 487 1067 exordium
508 1000 607 1066 sumit
622 1021 640 1064 a
656 999 874 1066 describendis
888 1000 1022 1089 sphaerae
1041 1002 1187 1077 circulis,
1204 1027 1241 1070 ac
1260 1006 1331 1071 Pto-

320 1114 469 1180 lemaeum
485 1125 625 1186 secutus,
640 1114 681 1178 ad
697 1134 795 1200 quem
812 1115 991 1200 provocat³‚
1007 1115 1165 1202 epicyclos
1179 1127 1210 1180 et
1221 1139 1332 1186 excen-

319 1228 427 1300 moos,
445 1251 509 1293 uon
526 1227 711 1315 separatim,
729 1239 765 1292 ut
785 1226 926 1294 fecerant
946 1227 1150 1316 Hipparchus
1166 1242 1198 1295 ct
1215 1231 1330 1297 Theon

289 1340 291 1344 ’
319 1339 518 1428 Smyrnaeus,
540 1341 595 1405 sed
616 1335 815 1426 conjunctim
835 1339 1003 1415 adhibstlt
1027 1353 1179 1428 practerea
1204 1345 1331 1410 astrolo

318 1452 402 1538 glcas
421 1451 660 1539 superstitiones
681 1452 851 1522 recensct⁵‚
875 1451 916 1516 dc
938 1451 1057 1538 quibus
1077 1455 1164 1540 apud
1180 1455 1331 1520 Nostrum

318 1563 401 1627 nihil
411 1575 467 1629 est.
478 1564 645 1628 Theonem
657 1563 861 1650 Smyrnaeum
874 1585 915 1628 ne
925 1564 1049 1629 nodsse
1061 1565 1194 1651 quidem
1204 1567 1332 1634 videtur

318 1676 449 1744 Pscllus.

362 1787 517 1876 Georgius
524 1787 734 1874 Pachymeres
742 1797 861 1860 contra,
869 1787 962 1874 cujus
969 1787 1066 1854 etiam
1073 1789 1212 1854 exstatin
1221 1811 1332 1856 manu-

318 1901 444 1990 scriptis
459 1900 664 1966 Bibliothecae
680 1899 774 1986 regiae
790 1899 952 1965 codicibus
969 1923 1050 1988 opus
1062 1902 1112 1965 Dc
1124 1916 1251 1989 quotuor
1266 1927 1330 1968 mo-

319 2013 481 2078 themuticia
501 2011 694 2098 disciplinia⁶,
717 2010 752 2074 in
778 2011 889 2098 paucis
910 2013 1114 2078 astronomici
1137 2013 1211 2078 libri
1236 2015 1330 2088 locis,

317 2137 373 2192 aut
387 2125 521 2191 Theone
534 2124 714 2212 Smyrnaeo,
730 2134 786 2188 aut
801 2121 949 2198 Adrasto,
967 2147 1066 2212 quem
1082 2126 1196 2192 Theon
1213 2127 1247 2191 in
1264 2128 1330 2215 ple-

317 2238 426 2326 risque
442 2248 569 2304 secutus
584 2247 645 2308 est,
663 2255 740 2302 usus
755 2234 852 2301 fuisso
867 2235 969 2302 videri
986 2239 1119 2324 potest⁷.

320 2391 322 2396 -
363 2349 459 2428 Quod
474 2359 584 2414 autem
598 2369 694 2416 nemo
710 2345 775 2412 huc
787 2369 890 2434 usque
901 2348 1078 2436 suspicatus
1093 2349 1211 2426 luerat,
1226 2349 1330 2418 Theo·

317 2462 367 2528 nis
383 2463 580 2528 Astrunomia
601 2459 775 2526 maximam
794 2470 920 2548 partem
940 2461 1038 2528 latine
1056 2485 1180 2528 versam
1201 2463 1329 2530 dudum

316 2575 514 2640 habebamus
524 2571 730 2646 aChalcidio‚
740 2571 797 2659 qui
808 2595 880 2636 eam
892 2573 1112 2640 Commentario
1121 2579 1153 2640 in
1169 2574 1327 2649 Timauum,

300 2707 303 2712 ·
317 2699 472 2776 tanquam
483 2702 590 2760 suam,
601 2663 745 2752 inseruit.
760 2684 846 2750 Nihil
857 2685 925 2751 lere
934 2687 975 2752 de
984 2709 1042 2753 suo
1054 2688 1178 2755 addidit
1188 2700 1219 2754 et
1231 2689 1331 2754 inter-

316 2801 461 2878 miscuit3
482 2818 584 2888 pauca
603 2799 740 2864 mutavit
758 2799 917 2873 consultor
935 2797 1043 2886 plura,
1061 2813 1093 2865 et
1108 2823 1144 2866 ea
1166 2801 1329 2890 praeciptte

316 2937 389 3003 quae
404 2913 536 3002 majoris
556 2923 646 2978 erant
665 2912 838 2984 momenti,
854 2912 960 2977 omisit
980 2925 1035 2979 aut
1045 2915 1223 2990 =contraxit3
1246 2936 1328 2980 non-

356 3082 363 3112 ¹
385 3077 474 3134 P.·23.
487 3076 604 3139 Basileus,
623 3076 805 3138 155t‚in-12.
921 3127 923 3130 .

353 3549 363 3578 ⁶
383 3543 557 3598 hsuonomiai
568 3540 629 3594 libri
639 3540 783 3614 fragmenta
793 3541 897 3594 utiliora
907 3542 969 3597 huic
977 3543 1105 3598 volumini
1118 3542 1326 3617 subjunguntur.

316 3639 382 3694 Vide
390 3635 554 3712 Appendicem
562 3635 677 3708 priorum.
691 3635 821 3691 Musicum
834 3635 932 3690 librum
946 3648 1030 3691 totum
1041 3639 1074 3692 ab
1084 3635 1259 3693 eruditissimo
1270 3639 1328 3693 viro

313 3725 454 3788 'Vincentio
461 3730 561 3786 editum
570 3729 698 3783 habemus
707 3727 815 3800 (Notices
823 3741 847 3783 ct
853 3729 956 3783 ectmits
967 3729 1008 3785 des
1017 3749 1071 3786 nus.
1085 3743 1104 3785 t.
1113 3733 1172 3786 XVI
1179 3773 1185 3794 ‚
1196 3740 1261 3805 part.
1278 3731 1326 3803 n).
1391 3791 1395 3797 ¹

354 3829 363 3859 ⁷
383 3825 449 3880 Vide
461 3823 620 3898 praemissam
633 3819 763 3896 Appendici
772 3821 849 3895 priori
862 3817 1129 3881 Dissertatiunculam.
1478 3813 1479 3830 ¹
