2970 4822
479 447 533 510 DE
557 447 852 510 nsruouoult.
1111 449 1165 510 101

163 575 371 664 Empedocles
396 573 448 638 ait.
471 572 558 638 Plato
580 583 687 638 contra
714 572 845 647 aethera,
868 571 1067 638 subtiliorem
1090 572 1169 637 aeris

163 699 286 776 partem
299 689 327 759 ¹,
342 683 427 750 infra
442 684 565 772 ignem,
580 684 615 751 id
627 695 674 750 est
689 684 773 750 infra
788 696 870 754 astra
883 685 991 774 ignea,
1004 683 1136 752 collocat
1144 685 1167 758 ²,

162 799 246 864 inter
262 821 333 885 quse
350 807 457 862 tamen
474 795 569 861 etiam
588 819 663 862 eum
680 795 816 884 expandi
834 807 940 862 censet
949 795 972 860 ³.

629 979 642 1034 S
665 982 706 1035 12.

268 1115 302 1151 DE
321 1111 461 1150 clnculum
481 1110 513 1147 ut·
532 1109 662 1158 munstur
682 1109 767 1156 110111,
788 1109 820 1146 ΒΤ
839 1108 873 1146 DE
892 1109 1056 1156 tumoutsltt.

209 1245 360 1312 Adrastus
377 1245 470 1332 ponit
489 1254 634 1330 oportere
651 1243 786 1308 coeloeua
807 1265 939 1332 corpora
959 1265 1017 1332 per
1037 1244 1171 1312 circulos
1194 1270 1244 1328 op.
1256 1281 1282 1312 u
1283 1282 1367 1312 =======

160 1357 360 1446 aequabiliter
384 1367 416 1422 et
436 1355 609 1443 composite
630 1355 728 1420 ferri:
748 1355 945 1443 aequabiliter
966 1368 1073 1422 autem
1095 1355 1170 1422 ferri

162 1471 329 1557 dicitque
349 1491 440 1557 sequa
459 1467 560 1556 spatia
579 1467 680 1554 aequis
701 1467 900 1555 temporibus
916 1480 1122 1556 pemurrunt,
1141 1481 1172 1535 et

161 1583 335 1671 composite
355 1581 430 1647 ferri
450 1603 523 1668 quae
539 1601 665 1667 semper
686 1579 799 1644 eodem
820 1602 945 1653 versus,
963 1579 1115 1646 eumdem
1136 1581 1170 1646 in

159 1695 312 1767 modum,
330 1691 500 1780 nunquam
517 1691 631 1756 stantia
646 1701 701 1756 aut
716 1691 990 1779 retrogredientia,
1008 1691 1170 1769 feruntur3

158 1808 241 1874 Solis
258 1817 382 1877 eutem,
400 1806 501 1870 Lunae
522 1814 554 1868 et
576 1804 741 1880 stellarum
764 1805 941 1870 errantium
964 1817 1090 1871 motum
1113 1827 1171 1872 nee
1217 1795 1220 1800 ¹

158 1919 403 2006 inaequabilem‚
421 1939 481 1982 nec
496 1915 746 2003 incompositum
764 1939 845 1989 esse,
859 1917 915 1982 sed
929 1917 973 1982 ita
987 1916 1089 1982 videri
1104 1927 1170 1982 tan-

160 2036 246 2104 tum',
269 2031 345 2118 quia
366 2052 431 2095 uon
455 2031 490 2094 iu
512 2028 655 2103 zodiaoo,
673 2029 729 2096 sed
752 2030 786 2094 in
807 2029 878 2094 aliis
894 2029 1026 2118 sphaeris
1047 2039 1080 2095 et
1100 2029 1170 2094 aliis

159 2155 329 2210 moventur
346 2141 489 2216 circulis,
513 2141 570 2229 qui
587 2141 713 2207 zodiaco
734 2142 925 2208 conoentrici
944 2163 1008 2208 uon
1025 2154 1110 2208 sunt.
1131 2143 1169 2207 11-

159 2254 218 2319 tud
227 2265 273 2319 est
282 2276 356 2342 ergo
365 2253 614 2319 astronomicum
624 2254 764 2342 antiquis
775 2255 975 2342 propositum
986 2254 1167 2344 problema,

159 2367 295 2431 circulos
311 2377 366 2432 aut
379 2367 517 2455 sphaeras
531 2365 693 2441 invenire,
706 2367 740 2430 in
758 2357 877 2454 quibus
892 2391 958 2434 sese
970 2366 1169 2456 aequabiliter

159 2491 192 2545 et
215 2480 386 2568 oomposite
404 2491 567 2545 moventes
584 2478 656 2553 Sol,
673 2480 765 2545 Luna
787 2491 819 2545 et
833 2480 930 2546 stellae
951 2491 1105 2555 errantes,
1123 2481 1168 2546 sic

158 2591 193 2656 in
215 2591 342 2658 zodiaco
358 2591 479 2658 moveri
494 2591 673 2664 videantur,
691 2601 727 2656 ut
742 2603 905 2680 apparent.
923 2594 1043 2658 Eorum
1059 2604 1169 2668 tamen,

158 2726 329 2792 corporum
349 2715 476 2770 motum
492 2703 634 2791 aliquem
655 2725 721 2769 esse
743 2725 851 2768 revera
872 2704 1120 2792 incompositum
1137 2717 1168 2772 et

157 2795 383 2904 inaequabilem
393 2813 545 2881 Adrastus
558 2815 688 2889 fatetur,
702 2814 758 2880 sed
770 2827 1017 2902 consequentem
1027 2839 1064 2881 ac
1075 2839 1093 2881 e
1104 2817 1167 2904 pri-

158 2928 266 2992 mariis
285 2929 349 2994 illis
364 2927 548 3016 compositis
563 2927 837 3016 aequabilibusque
854 2938 1011 2993 astrorum
1027 2928 1167 2996 motibus

156 3062 211 3124 per
228 3041 362 3105 occidens
382 3039 554 3113 orientem,
571 3049 608 3102 ut
629 3037 809 3106 Aristoteles
823 3040 1009 3128 loquitur⁴z
1026 3041 1113 3129 quod
1131 3041 1164 3108 in

158 3150 231 3218 Soio
247 3153 390 3239 primum
408 3151 647 3218 demonstrabit.

198 3375 205 3405 ¹
226 3373 256 3426 In
271 3371 403 3437 Phocione,
414 3393 441 3448 p.
458 3391 509 3445 ¹⁰9
523 3391 540 3428 n
552 3385 578 3428 et
592 3395 638 3428 ιιι
654 3394 682 3439 n,
697 3385 763 3439 met
774 3377 802 3431 in
819 3375 921 3440 Timeo,
933 3396 960 3452 p.
973 3377 1008 3432 58
1021 3394 1047 3431 u.

196 3470 206 3498 ¹
226 3468 257 3520 ln
271 3465 405 3530 Ptedone,
417 3487 443 3542 p.
462 3479 582 3539 ropset
598 3490 643 3523 ιιι
662 3470 807 3536 n‚s,etin
821 3470 1163 3546 creptum-isonam.

157 3562 185 3614 iu
206 3561 307 3623 Timeo,
327 3581 353 3636 p.
376 3567 408 3622 oo
425 3580 452 3626 n,
475 3565 502 3616 in
522 3563 581 3638 Rep.
601 3565 637 3628 11,
656 3584 681 3639 p.
699 3566 767 3627 oso,
786 3577 812 3622 et
831 3565 968 3630 Proetum,
989 3564 1012 3618 in
1036 3564 1164 3627 Timeum,

156 3675 182 3730 p.
199 3658 251 3728 ²59
265 3675 282 3711 u
296 3655 336 3710 sd.
349 3673 387 3731 gr.
397 3655 474 3710 Basil.
491 3657 528 3732 (p.
541 3659 594 3714 oss
606 3659 784 3733 Schneideri).
1044 3649 1046 3654 ’

195 3753 204 3782 ³
225 3751 256 3804 In
269 3747 403 3812 Phocione,
416 3769 441 3824 p.
458 3769 509 3822 roq
524 3767 548 3806 s.

193 3843 203 3876 ⁴
225 3841 290 3898 vids
303 3845 395 3898 Notarn
409 3860 433 3896 x.
