2992 4822
317 427 356 491 hd
610 429 804 492 THEONIS
824 429 1030 494 SMYRNAEI

791 627 846 683 53.

161 807 243 878 oph,
362 777 441 855 Quae
456 778 588 844 Theon1
606 801 644 844 ex
660 777 806 847 Eudemo
822 805 841 846 a
856 781 1038 871 Dercyllide
1054 783 1151 870 petite
1172 783 1269 850 refert
1284 785 1325 852 de

126 865 281 988 fflffl'
314 889 484 964 Tunums,
502 891 686 966 OEnouun,
705 889 916 960 Antxmnnonr
932 905 964 960 et
980 892 1171 960 Autumnus
1187 907 1325 962 astrono-

142 975 266 1036 Φωνὴ·
313 1003 405 1069 micis
420 1004 672 1076 inventionibus,
691 1029 727 1071 ea
744 1007 814 1093 jem
831 1029 869 1072 ex
885 1004 1031 1072 Anatolio
1048 1007 1239 1072 adverbum
1256 1007 1323 1075 edi·

313 1117 403 1184 derat
417 1116 610 1190 Fabricius²‚
629 1121 687 1183 dec
710 1119 819 1204 magni
840 1129 915 1184 sunt
931 1119 1041 1207 pretii,
1064 1141 1123 1185 nec
1139 1120 1323 1208 perspicua,

313 1251 372 1295 nec
394 1229 528 1296 raliunde
554 1240 635 1295 notae
659 1251 768 1294 rerum
791 1231 916 1296 veritati
940 1232 1072 1297 omnino
1093 1245 1323 1302 consentanea:

313 1341 401 1429 quod
417 1364 491 1414 nos,
509 1341 543 1404 in
556 1363 653 1429 supra
665 1341 749 1406 dieto
762 1363 857 1428 opere
872 1342 1171 1417 demonstrandum,
1189 1343 1243 1408 hic
1255 1345 1324 1410 bre·

311 1453 391 1518 viter
407 1463 532 1518 tentum
548 1453 772 1522 indicabimus.

357 1567 398 1629 Et
414 1565 686 1654 primoquidem,
704 1565 792 1653 quod
807 1565 853 1632 ibi
869 1566 988 1631 dieitur
1002 1566 1119 1634 Thales
1132 1567 1212 1632 Solis
1227 1569 1324 1656 desec-

313 1692 375 1743 tum
398 1682 559 1753 invenisse,
582 1677 830 1765 intelligendum
851 1689 897 1743 est
917 1679 1059 1744 defectus
1082 1679 1206 1754 soleris,
1229 1683 1321 1748 Luna

312 1791 455 1856 obstante
463 1789 582 1864 dentis,
594 1801 742 1855 naturam
752 1790 947 1878 perspexisse
957 1792 1109 1865 Thalem,
1119 1793 1185 1866 vel,
1199 1805 1235 1858 ut
1245 1793 1324 1860 Sim·

312 1903 427 1991 plicius
438 1904 608 1992 loquitur⁵‚
620 1903 757 1968 Thalem
770 1903 931 1968 defectum
943 1904 1068 1970 scivisse
1078 1905 1158 1992 quid
1167 1906 1223 1979 sit,
1235 1907 1324 1994 quod

313 2027 405 2085 antee
415 2012 518 2082 Graec‘i
528 2015 721 2080 nesciebant.
733 2017 896 2082 Immerito
905 2039 979 2082 vero
991 2017 1104 2082 Theon
1117 2029 1148 2082 et
1159 2019 1324 2084 Eudemus

311 2140 517 2196 recensentur
533 2128 617 2194 inter
633 2129 806 2194 commenti
822 2128 909 2193 illius
926 2139 1067 2194 auctores
1082 2130 1123 2196 de
1139 2131 1323 2218 praedictoa

311 2241 413 2332 Thale
423 2241 505 2307 Solis
514 2241 669 2306 defectat.
679 2241 773 2305 Hunc
782 2241 919 2306 Eudemi
931 2241 1054 2314 locum,
1067 2241 1101 2305 in
1115 2243 1230 2329 quode
1242 2265 1321 2330 prae-

257 2352 261 2358 ’
311 2353 451 2420 dictione
461 2375 526 2418 non
537 2353 650 2440 agitur,
663 2352 748 2416 mele
758 2351 1147 2440 intellexeruntDiogeues
1158 2355 1322 2419 Laertius⁶

311 2477 343 2531 et
366 2458 514 2532 Clemens
536 2463 801 2529 Alexandrinusl.
824 2463 919 2541 Quod
942 2475 1049 2529 eutem
1070 2466 1156 2553 apud
1172 2467 1322 2533 Nostrum

311 2579 428 2650 dicitur
448 2577 565 2642 Thales
584 2580 730 2640 invenisse
746 2575 824 2642 Solis
844 2577 1002 2640 secundum
1023 2575 1148 2641 sohtitio
1167 2583 1322 2664 circuitum

312 2713 371 2754 non
386 2713 502 2777 semper
517 2711 600 2775 equo
615 2695 744 2774 temporo
753 2684 842 2774 fieri,
860 2686 1105 2774 intelligendum
1118 2699 1178 2761 est,
1192 2699 1247 2753 eut
1258 2690 1322 2777 pri-

311 2827 404 2870 mum
419 2802 555 2868 voluisse
571 2799 708 2866 Thalem
725 2819 849 2864 annum
861 2799 978 2864 ciuilem
991 2822 1080 2865 nunc
1097 2799 1155 2873 ed,
1174 2823 1263 2868 nunc
1277 2805 1321 2868 25

351 2991 358 3020 ¹
379 2985 410 3041 C.
423 3003 470 3050 ιι,
481 2985 526 3040 sol.
540 2988 573 3041 sti
588 3004 612 3038 a.
891 3025 894 3030 Δ

349 3085 359 3113 ²
379 3079 493 3134 Billiodt.
506 3098 545 3154 pr.
558 3090 577 3132 t.
589 3079 628 3141 ΙΙ,
642 3097 668 3152 p.
682 3097 732 3150 ²77
749 3079 829 3151 (ηδ)
846 3089 894 3132 vet.
909 3077 949 3132 ed.

349 3179 359 3209 ³
378 3175 407 3228 ln
418 3172 567 3249 catsporius,
580 3169 625 3226 sol.
637 3173 672 3230 48
686 3189 702 3226 tt
715 3171 756 3226 ed.
769 3192 806 3245 gr.
820 3173 897 3228 Besil.
907 3174 945 3228 Cf.
959 3172 1055 3246 iolrlp
1068 3175 1097 3226 Γ.
1116 3173 1117 3180 ’
1169 3187 1181 3205 ’-

348 3269 358 3300 ⁴
377 3266 514 3322 Deiectum
528 3264 596 3320 Solis
608 3264 686 3320 illum
699 3283 768 3319 anno
782 3275 841 3319 ento
856 3265 990 3321 Christum
1004 3276 1095 3320 netum
1109 3270 1165 3323 liro
1183 3268 1320 3332 exstitisse,

310 3361 356 3415 sed
370 3379 424 3414 non
441 3358 555 3416 eThsle
574 3358 727 3433 predictum
745 3359 837 3422 fuisse,
856 3371 881 3413 et
899 3360 970 3414 unde
987 3371 1075 3414 ortum
1090 3360 1124 3414 sit
1141 3347 1321 3416 commentum

309 3453 389 3516 illud,
404 3453 432 3506 in
442 3451 555 3507 Historia
563 3452 714 3508 astronomia
726 3453 831 3528 antiquo
843 3454 1020 3508 ostendemus.
1157 3453 1159 3462 ¹

348 3550 358 3578 ⁵
379 3547 405 3608 1,
421 3547 465 3601 23.

348 3644 358 3672 ⁶
377 3639 468 3694 Strom.
480 3641 506 3704 Ι,
517 3659 542 3714 p.
556 3639 607 3696 302
620 3657 649 3704 Α,
660 3639 701 3695 ed.
713 3641 807 3704 Paris,
822 3644 906 3704 1641,
917 3639 999 3694 in-iol.
1014 3642 1067 3697 Nec
1076 3643 1147 3718 apud
1156 3630 1281 3696 Proclum
1297 3640 1325 3696 in

310 3730 437 3789 Euclidem
454 3733 586 3788 invenitur
601 3734 673 3806 quod
690 3733 726 3786 ihi
743 3733 776 3788 de
789 3735 839 3789 hec
857 3733 1022 3807 praediotione
1037 3753 1065 3789 se
1082 3735 1176 3810 legisse
1191 3735 1256 3790 dieit
1267 3735 1324 3791 hle—

311 3846 412 3901 nngrus.
