2970 4822
471 417 528 478 DE
550 416 851 478 Asunououm.
1110 421 1164 482 lltl

155 558 190 614 ct
200 542 343 615 Terram
355 542 554 639 sphaericam
571 544 742 614 rationem
756 545 864 614 centri
876 543 1068 616 secundum
1079 547 1168 641 posi-

154 669 300 746 tionem,
329 667 497 738 rationem
527 681 642 738 autem
670 669 789 762 puncti
821 665 1010 738 secundum
1040 671 1169 766 magui-

155 786 313 858 tudinem
329 785 484 858 obtincrc
498 813 537 858 cx
550 813 592 858 eo
606 800 714 883 patet,
735 786 829 882 quod
845 811 966 858 omues
978 788 1168 860 ooelestium

153 933 339 1005 corporum
354 923 463 990 ortus,
485 933 641 993 occasus,
661 911 836 990 circuitus,
856 923 890 978 ct
912 911 1038 982 iterum
1056 925 1165 991 ortus,

152 1029 273 1101 iisdem
306 1055 442 1126 semper
468 1032 552 1100 iocis
581 1027 666 1100 fiant
691 1031 730 1100 iis
759 1031 819 1125 qui
848 1028 985 1100 easdem
1012 1030 1168 1102 habitant

151 1151 267 1223 Terrae
279 1155 445 1246 regiones.
459 1150 549 1222 Illud
561 1176 602 1222 oo
619 1152 721 1221 ctiam
739 1150 1002 1232 demonstratur,
1018 1152 1113 1249 quod
1127 1177 1167 1224 ex

151 1275 248 1345 omni
264 1273 380 1344 Terrae
403 1287 498 1367 parte
517 1273 594 1342 coeli
618 1297 694 1368 pars
718 1271 874 1353 dimidia,
900 1298 1002 1344 sensu
1024 1273 1167 1370 qtridcm

146 1395 279 1492 judice,
310 1421 412 1490 supra
442 1419 503 1466 nos
534 1396 619 1466 elata
647 1398 884 1490 conspiciatur,
912 1411 1025 1468 cetera
1051 1413 1166 1469 autem

150 1542 228 1612 pars
246 1517 310 1587 sub
329 1516 436 1588 Terra
453 1519 496 1588 sit
514 1517 703 1598 invisibilis,
724 1517 755 1588 Τ
757 1542 841 1589 crrae
858 1521 963 1614 ipsius
982 1519 1163 1596 obstantia:

151 1653 184 1709 ct
198 1664 239 1711 eo
251 1640 346 1736 quod
358 1641 448 1710 visus
463 1643 576 1710 omnis
591 1654 692 1710 rectae
705 1640 806 1712 lineae
821 1664 957 1722 omncs,
973 1655 1165 1714 extremum

148 1762 274 1832 coelum
290 1763 510 1856 attingentes,
530 1784 636 1856 aequae
650 1763 739 1832 inter
757 1787 791 1832 so
806 1761 998 1844 videantur,
1018 1779 1051 1834 ct
1063 1779 1166 1836 astro-

147 1908 224 1954 rum
251 1887 287 1954 in
314 1886 471 1954 maximis
498 1884 634 1954 circulis
659 1883 851 1958 secundum
880 1884 1073 1958 diametron
1104 1911 1166 1980 por

148 2007 241 2100 paria
256 2009 494 2101 oppositorum
507 2029 654 2101 semper,
673 2031 744 2077 uno
759 2009 907 2086 oriente,
927 2007 1012 2077 altar
1025 2008 1162 2080 occidit.

149 2127 184 2198 Si
203 2129 297 2197 enim
315 2153 418 2208 cono,
439 2143 497 2199 aut
511 2127 683 2224 cylindro,
702 2143 761 2199 aut
779 2129 964 2228 pyramidi,
979 2145 1038 2200 aut
1055 2131 1164 2202 solido

149 2248 220 2327 alii,
240 2264 363 2342 praetcr
374 2249 557 2344 sphaeram,
574 2251 690 2320 similis
707 2265 793 2320 esset
807 2276 925 2322 rerum
937 2255 1163 2324 univcrsitatis

149 2367 276 2450 forma,
298 2375 333 2440 in
359 2374 457 2442 terris
481 2397 552 2444 non
571 2373 644 2444 haec
667 2371 804 2453 fierem
833 2374 893 2444 sed
917 2375 1021 2446 modo
1040 2380 1161 2472 major,

148 2491 256 2564 modo
268 2497 383 2565 minor
400 2497 610 2567 inveniretur
624 2497 701 2566 coeli
715 2521 792 2590 pars
806 2522 906 2592 supra
918 2497 1079 2578 Terram,
1099 2525 1164 2570 nec

147 2639 228 2686 vcro
238 2641 334 2712 acqua
345 2631 516 2688 rectarum
530 2621 687 2688 omnium
699 2617 830 2688 aTerra
845 2619 887 2688 ad
899 2620 983 2689 illud
994 2621 1163 2692 linearum

146 2738 356 2833 magnitudo.
1142 2739 1147 2750 ’

577 2953 676 3010 [orror
694 2955 735 3008 u]
770 2955 772 2964 ¹

435 3068 563 3115 TERRAM
582 3067 658 3115 ESSE
677 3067 874 3115 srunfltcuu.

197 3225 402 3320 sphaericam
411 3229 527 3299 Terrae
537 3230 685 3299 formam
697 3229 740 3298 ab
751 3232 882 3300 oriente
893 3231 934 3300 ad
944 3229 1159 3328 occidentem

144 3348 330 3418 ostendunt
352 3365 521 3422 astrorum
549 3366 643 3422 ortus
671 3368 705 3422 et
732 3377 869 3422 occasus
895 3355 992 3422 citios
1017 3355 1160 3423 orienta-

185 3539 195 3570 ⁷
218 3547 259 3612 Γῆ
273 3543 381 3604 iterum
389 3543 661 3609 deestsTitulushic
668 3558 748 3606 totus
762 3549 794 3606 in
806 3547 905 3606 codice
915 3569 991 3616 non,
1009 3560 1042 3608 ut
1056 3549 1158 3615 ceteri,

141 3645 218 3706 linea
235 3644 376 3728 peculiari
395 3659 424 3706 et
443 3647 533 3708 rubro
550 3648 647 3710 colore
667 3651 806 3732 scriptus,
828 3651 894 3717 sed,
912 3650 1024 3711 librarii
1045 3671 1157 3718 errore,

141 3749 233 3810 textui
248 3750 304 3832 ipsi
320 3750 383 3809 sine
398 3749 459 3810 uilo
474 3751 642 3812 discrimine
655 3754 783 3813 insertus
798 3754 914 3836 legitur.

185 3851 194 3882 ⁸
217 3851 251 3911 ln
266 3852 368 3913 codice
383 3858 445 3914 ἕως.
