2970 4822
473 401 529 462 DE
549 347 849 466 ASTRONOMlA.
1109 406 1168 468 los

155 498 296 594 invicem
303 525 497 592 distinxerat.
503 523 590 590 Dicit
599 537 707 593 autem
718 524 870 592 Adrastus
877 547 1001 592 annum
1008 526 1168 614 tropicum

156 662 224 706 esse
241 639 369 704 dierum
393 639 459 704 365
485 634 534 728 lli
541 638 622 726 sere.
644 638 722 704 Inde
735 639 824 716 enim
837 639 909 725 jam
923 651 1016 704 antea
1032 639 1167 726 Hippar-

156 753 247 826 chus,
256 751 336 818 sicut
345 763 377 816 et
385 751 1168 843 posteaPtolemaeus1,eximendamcensueratdiei

156 864 404 930 tricentesimam
418 875 552 950 partem.
564 859 697 928 Annum
711 863 839 930 dierum
853 864 919 928 365
936 859 986 953 rili
999 863 1169 930 sideralem

157 975 263 1050 luisse,
273 988 304 1042 et
312 987 444 1064 propter
452 975 719 1062 aequinoctiorum
728 975 941 1063 praecessionis
950 975 1168 1042 inventionem

156 1089 220 1154 diei
227 1088 477 1154 ,tricentesimum
485 1099 610 1174 partem
617 1087 694 1152 inde
705 1087 906 1182 eximendam
915 1086 1169 1176 luisseGeorgius

1 1213 2 1220 ’
29 1251 34 1256 -
155 1200 388 1288 Pachymeres²
401 1198 481 1264 falso
494 1209 649 1264 autumat.
663 1200 779 1264 Utrum
790 1199 879 1264 enim
891 1221 982 1266 uuus
992 1201 1167 1288 praecessio-

158 1314 208 1378 nis
220 1334 336 1377 annuae
353 1311 393 1376 sit
411 1307 483 1384 36'2
500 1323 535 1376 ut
551 1311 620 1376 vult
635 1311 834 1385 Ptolemaeus,
849 1335 890 1376 an
908 1307 968 1383 5li''
985 1323 1017 1378 et
1034 1309 1115 1386 iiam,
1133 1325 1169 1378 nt

82 1513 86 1520 ·
158 1448 196 1490 er
213 1423 371 1490 Albatenii
388 1424 606 1490 observatione
622 1424 738 1488 rectius
753 1423 943 1490 aestimatum
958 1423 1034 1498 fuit,
1050 1425 1168 1512 Pachy-

158 1561 261 1604 meres
277 1537 418 1602 dubitat:
432 1537 533 1602 immo
545 1558 619 1602 vero
631 1535 874 1624 praecesaionem
884 1537 925 1602 ab
938 1549 1074 1626 utroque
1079 1538 1169 1627 justo

158 1649 341 1714 celeriorem
355 1647 470 1714 factam
489 1669 553 1714 esee
568 1645 729 1714 immerito
745 1648 932 1736 suspicatur,
949 1649 1025 1735 quia
1041 1661 1169 1739 tempus

156 1783 221 1848 quo
242 1760 297 1826 Sol
320 1782 431 1824 arcum
447 1759 662 1847 praecemionis
682 1782 799 1825 annuae
819 1772 947 1826 tantum
968 1774 1169 1848 percurreret

155 1873 260 1959 majus
270 1871 351 1938 foret
362 1893 462 1958 quam
470 1871 534 1936 diei
545 1871 758 1937 tricentesima
771 1896 853 1960 pars.
864 1874 982 1940 Verum
992 1873 1168 1940 annusdie

156 2007 230 2050 rum
247 1985 314 2050 365
335 1980 401 2073 lil’
418 2005 516 2070 quem
529 1983 668 2071 AEgyptii
685 2006 744 2071 pro
761 1989 871 2070 tropico
888 1984 985 2050 simul
1002 1997 1034 2050 et
1045 1986 1169 2052 siderali

156 2108 187 2160 et
213 2094 377 2160 auriculari
401 2093 575 2168 habebant,
605 2107 636 2160 et
661 2117 760 2182 quem
782 2095 994 2184 Pachymeres
1013 2097 1168 2162 sideralem

157 2206 253 2272 fuisse
275 2205 425 2278 credidit,
443 2230 555 2272 revera
575 2230 634 2272 nec
656 2207 796 2294 tropicus
819 2219 902 2280 erat,
927 2230 987 2274 nec
1006 2207 1168 2282 sideralis,

157 2319 213 2384 sed
229 2317 317 2406 apud
332 2317 495 2406 AEgyptios
506 2343 579 2384 vere
596 2319 788 2391 canicularis,
803 2318 838 2384 id
855 2331 902 2384 est
913 2324 1001 2406 justa
1016 2343 1168 2386 mensura

157 2429 309 2518 temporis
325 2429 409 2494 inter
429 2429 509 2496 duos
525 2431 600 2497 sirii
618 2431 652 2496 in
675 2431 782 2498 medio
798 2431 925 2520 AEgypti
941 2432 1093 2520 parallelo
1110 2432 1168 2498 cir·

157 2544 229 2608 culo
247 2543 374 2608 deliacos
391 2543 510 2608 ortus³.

199 2656 238 2720 'ln
257 2653 465 2742 sequentihus
482 2655 561 2742 quta
573 2655 721 2729 anau,
740 2655 820 2744 quia
837 2656 898 2744 ipo
914 2656 1040 2722 rhein
1056 2656 1169 2722 aenea·
1201 2633 1206 2642 '

156 2778 218 2842 tur,
236 2761 309 2834 non¹
319 2767 444 2855 liquere
460 2767 610 2834 diximus.

202 2881 297 2958 Quod
323 2882 363 2946 ad
388 2905 511 2946 annum
536 2884 773 2948 ancoraliatiaam
797 2892 929 2968 spectat,
955 2904 1019 2968 quo
1046 2881 1100 2946 Sol
1128 2881 1168 2946 ad

156 2993 320 3079 perigenem
338 2993 387 3058 vel
406 2993 446 3058 ad
461 3016 617 3080 apogeum
630 2994 727 3066 redit,
740 2993 852 3058 Theon
866 2973 1003 3056 allirmat
1015 2993 1076 3056 hoc
1088 3003 1168 3058 tem-

157 3103 242 3189 poris
258 3105 397 3192 spatium
412 3104 509 3170 fuisse
521 3105 649 3172 dierum
662 3105 728 3172 fere
743 3107 808 3172 365
827 3102 887 3194 alu.
902 3105 996 3186 Quod
1014 3106 1040 3170 si
1054 3129 1167 3172 verum

157 3227 251 3288 esset,
265 3216 346 3282 Solis
358 3219 492 3304 apsidum
505 3220 586 3283 linea
602 3219 713 3307 rapide
727 3219 800 3284 satis
820 3219 854 3284 in
868 3217 996 3284 rodiaoo
1011 3219 1168 3284 orientem

195 3421 203 3452 ¹
226 3418 309 3490 Comp.
324 3419 408 3481 math,
422 3421 474 3484 ΙΙΙ,
492 3441 520 3484 n,
534 3432 551 3474 t.
567 3423 593 3484 1,
607 3443 632 3496 p.
651 3423 767 3477 r5o=rii5
783 3423 892 3476 Halmio.
942 3429 945 3443 '

194 3513 205 3546 ²
225 3512 256 3564 In
272 3511 355 3585 ipsius
371 3513 534 3567 astronomici
552 3515 612 3568 libri
625 3513 718 3569 inediti
731 3515 877 3589 fragmento
891 3515 915 3567 Il
923 3555 929 3575 ,
942 3515 1015 3588 quod
1027 3516 1054 3568 in
1073 3515 1168 3587 Appen-

156 3603 210 3660 dice
226 3603 306 3680 priori
318 3606 400 3680 hujus
411 3606 553 3662 voluminis
565 3608 690 3664 invenies.
703 3608 769 3663 Vide
784 3619 810 3662 st
825 3608 922 3684 prastias
937 3605 1119 3662 Dissertationia
1136 3605 1169 3660 de

155 3701 206 3752 hoc
219 3697 368 3772 fragmento
380 3697 478 3753 locum.

193 3797 203 3826 ⁸
223 3794 280 3847 Hae
293 3793 326 3846 de
336 3811 366 3846 re
378 3793 548 3847 tractabimus
558 3794 585 3846 in
600 3793 711 3848 Historia
724 3793 874 3848 astronomia
885 3793 1001 3866 antiqua.
