2958 4824
59 516 65 530 ι
430 457 434 465 ·
465 431 524 492 na
546 427 843 494 israononu.
1103 425 1164 486 na

147 559 281 639 Solem,
308 585 325 626 a
351 582 421 653 quo
445 555 579 628 Stilbon
607 581 653 626 so
680 554 885 648 pierumque
901 551 1042 646 gradus,
1062 550 1097 620 id
1115 564 1166 620 est

148 685 234 779 signi
245 667 355 754 fermo
369 685 425 773 -}-,
439 679 683 757 adsumam,
698 679 868 748 orientem
877 687 936 746 aut
950 671 1165 746 occidentem

148 813 264 876 versus
278 799 435 884 duoedia
448 801 591 873 Venerit
611 813 727 870 autem
741 798 835 868 stede
854 819 961 890 prope
982 795 1029 866 50
1044 793 1166 890 gradus

150 927 319 996 orientem
333 924 388 994 vei
403 923 619 993 occidentem
635 945 761 991 versas.

572 1073 674 1132 [carus
689 1072 753 1130 nvn

420 1169 505 1230 Quor
523 1168 621 1220 noots
638 1167 767 1218 otorrun
784 1162 894 1218 ossus.
932 1223 937 1232 .

204 1283 310 1358 Onus
336 1287 452 1358 mtdtis
481 1285 605 1356 dieitur
633 1283 744 1354 modis
768 1315 774 1352 :
799 1287 936 1378 proprie
965 1283 1106 1380 quidem
1135 1299 1169 1354 et

154 1412 396 1488 communiter,
411 1408 454 1478 de
470 1407 550 1478 Sole
566 1419 600 1478 et
612 1407 655 1477 de
670 1409 790 1478 ceteris
805 1409 914 1486 astris,
933 1407 1044 1500 prima
1059 1427 1170 1478 ascen

153 1532 556 1627 sio'auprahoriaontem3
571 1531 669 1602 aliter
679 1543 809 1609 autem,
826 1527 869 1600 de
883 1532 1002 1600 ceteris
1018 1542 1168 1610 mamm,

153 1658 264 1748 prima
283 1663 404 1726 eorum
423 1656 620 1748 apparentia
638 1678 657 1722 e
675 1652 764 1724 Solis
780 1651 881 1724 radiis
903 1643 1169 1760 emergentium,

152 1780 211 1873 qui
223 1781 338 1872 etipse
351 1789 447 1846 ortus
458 1777 596 1870 proprie
607 1773 745 1858 dioittu3
757 1789 909 1868 superest
924 1789 959 1844 et
972 1777 1032 1870 qui
1048 1774 1173 1845 dicitur

152 1899 344 1995 ἀκρόνυχος,
365 1923 493 1993 quum,
514 1911 591 1994 post
608 1897 696 1968 Solis
711 1921 884 1976 oceasum,
904 1909 1033 1968 astrum
1051 1917 1171 1967 seeun-

154 2020 240 2090 dum
256 2019 448 2090 diametron
468 2021 664 2113 oppositum
678 2021 714 2086 in
730 2032 809 2088 ortu
822 2021 974 2090 cernitur
991 2049 997 2086 :
1016 2021 1075 2112 qui
1093 2017 1172 2088 ideo

156 2141 280 2214 dioittu
296 2141 489 2237 ἀκρόνυχος,
509 2143 589 2236 quia
611 2140 688 2212 talis
711 2153 806 2210 ornas
823 2137 863 2208 lit
884 2151 986 2210 noete
1004 2141 1119 2234 dapes,
1137 2139 1172 2208 id

157 2277 208 2332 ast
224 2265 418 2358 incipiente.
437 2259 602 2334 Similiter
620 2287 772 2341 oceanas,
793 2263 1025 2331 communiter
1042 2261 1174 2356 primus

158 2399 208 2455 est
226 2383 407 2456 descensus
430 2382 516 2456 infra
538 2383 769 2466 horizontem
791 2383 889 2454 attter
906 2398 1039 2465 autem,
1060 2388 1173 2482 prima

158 2505 351 2578 obscuratio
371 2509 448 2576 astri
466 2509 619 2576 immersi
637 2507 724 2577 Solis
741 2505 859 2587 radiis,
880 2531 957 2604 quae
977 2510 1080 2578 etiam
1098 2531 1173 2577 mr-

156 2649 212 2698 sus
234 2629 373 2724 proprie
394 2627 575 2698 occultatio
594 2627 735 2710 dicitur3
758 2641 911 2722 superest
929 2631 1031 2696 etiam
1048 2629 1176 2724 dapdvo

156 2777 232 2842 χοε,
253 2774 380 2846 quum,
403 2763 481 2819 orto
499 2749 597 2829 Sole,
623 2765 750 2822 astrum
768 2745 959 2820 secundum
983 2747 1174 2819 diametron

158 2875 354 2974 oppositum
373 2871 436 2942 sub
455 2832 671 2944 hfflontem
692 2872 877 2944 descendit.
899 2871 948 2944 Ex
966 2871 1018 2941 his
1040 2886 1173 2952 autem,

159 2997 218 3088 qui
235 3008 377 3089 propter
400 2993 488 3064 sotis
509 2993 620 3064 radios
646 2995 750 3074 fiunt,
776 2993 907 3066 ortibus
934 2987 1176 3090 occasibusque

162 3114 271 3196 dictis,
289 3115 324 3184 id
348 3131 397 3186 est
415 3121 619 3212 apparentiis
643 3131 678 3186 et
695 3115 1011 3198 obscurationibus„
1024 3117 1082 3190 alit
1097 3131 1178 3188 sunt

204 3243 213 3268 '⁵
236 3244 281 3302 An
291 3251 397 3321 βαῠσις
409 3245 587 3306 mutandum
599 3247 632 3303 in
645 3245 753 3320 φάσιςῑ)
763 3245 849 3306 Certe
860 3243 1033 3306 Ptolomeus
1045 3247 1178 3306 nominat

163 3349 266 3418 φάσεις
281 3345 426 3406 dothaim.
945 3327 950 3333 Ι

206 3446 214 3474 ⁷
237 3448 271 3508 In
287 3449 387 3509 codiee
402 3449 550 3519 δύνονταςς
568 3451 618 3512 sed
632 3473 663 3513 os
679 3473 767 3534 supra
785 3469 818 3512 ae
834 3453 937 3514 eadem
952 3467 1045 3513 manu
1058 3463 1106 3512 est
1114 3451 1178 3512 ex'a·

162 3547 269 3610 ratam.
285 3549 457 3634 Legendnm
467 3553 618 3616 etnam.
635 3553 709 3616 Vide
725 3555 801 3616 inira
816 3555 1027 3617 ἀνατείλαντος.

205 3653 215 3682 ³
238 3655 271 3714 [n
287 3655 386 3714 oodt‘oe
402 3655 554 3736 ffl‘umtz

205 3757 215 3786 ⁹
237 3758 271 3818 In
286 3755 387 3818 oodioe
402 3760 621 3845 aestumatum.

195 3843 220 3892 ¹⁰*
239 3863 272 3921 ln
288 3862 388 3924 codice
402 3866 559 3930 reorterio.
629 3844 631 3850 ¹
