2970 4822
476 415 532 476 DE
555 413 853 478 ASTRONOHIA.
1130 421 1171 480 73

157 545 242 610 tonis
258 542 397 629 dialogos
413 541 447 604 in
465 539 635 629 telmloqios
654 537 867 611 distribuunt,
887 535 1044 606 Albinus¹
1060 541 1170 608 addit:

159 687 171 714 ι
183 657 261 743 Ejus
275 652 436 743 opinionis
447 664 523 718 sunt
533 651 732 740 Dercyllides
749 661 781 718 et
790 649 987 740 Thrasyllus.
1001 681 1012 709 ι
1025 651 1085 719 Hic
1098 676 1172 720 vero

158 768 298 836 Platonis
308 768 507 855 dialogorum
517 766 595 832 ordo
607 765 704 830 fuisse
717 764 845 832 videtur
854 765 925 852 jam
934 766 1083 832 Varronis
1094 777 1172 832 tem-

158 903 246 968 pore,
258 880 347 968 qui‘·‘,
363 891 398 946 ut
408 879 594 946 Fabricius³
606 878 739 950 notavit,
754 876 902 942 nonnihil
915 899 932 943 e
943 875 1172 968 Phodooepro

157 993 279 1067 ferens,
295 993 409 1080 allegat
419 991 585 1056 Platonem
599 993 631 1053 in
646 1002 760 1075 quarto.
778 989 818 1052 Et
834 999 918 1054 certe
932 990 1050 1056 multos
1060 1003 1173 1079 praeter

157 1116 190 1170 et
205 1105 311 1172 forsan
329 1115 403 1168 ante
418 1101 638 1190 Dercyllidem
654 1112 686 1166 et
697 1100 904 1188 Thrasyllum
922 1123 959 1167 eo
975 1102 1087 1168 ordine
1102 1125 1174 1170 usos
1273 1157 1276 1167 .

157 1217 272 1290 fuisse,
288 1215 397 1280 Albini
415 1214 512 1280 verba
531 1213 684 1278 indicant.
703 1213 769 1278 Hac
785 1223 892 1278 autem
912 1213 953 1279 de
971 1237 1006 1280 re
1021 1215 1174 1281 disserere

157 1339 283 1415 poterat
297 1327 495 1414 Dercyllides
511 1326 546 1390 in
562 1325 652 1390 libris
673 1326 709 1388 de
722 1323 858 1392 Platonis
877 1326 1080 1413 philosophia,
1096 1351 1174 1416 quo-

158 1463 234 1504 rum
251 1440 361 1506 laudat
373 1438 592 1528 Porphyrius4
607 1435 833 1510 undecimum,
848 1437 882 1502 in
896 1461 961 1525 quo
977 1438 1018 1504 de
1039 1441 1173 1506 materia

156 1551 315 1616 sententia
328 1550 481 1622 Platonis,
496 1572 533 1616 ex
547 1547 750 1622 Hermodori,
766 1547 906 1614 Platonis
922 1549 1022 1636 ipsius
1036 1549 1171 1618 familia-

156 1663 201 1728 ris
210 1665 234 1735 ⁵,
250 1663 334 1728 libro
348 1663 384 1727 de
397 1661 539 1735 Platone,
554 1661 780 1748 exponebatur.
794 1662 840 1725 Ex
852 1662 966 1728 eodem
981 1663 1173 1751 Dercyllidis

156 1797 269 1864 opere,
282 1775 388 1863 potius
403 1797 502 1861 quam
515 1796 532 1838 e
548 1773 702 1861 peculiari
717 1776 748 1838 ia
768 1771 912 1838 Timaeum
926 1776 1171 1850 commentario,

155 1889 293 1975 petitum
315 1910 380 1952 esse
401 1885 538 1959 videtur,
557 1885 643 1972 quod
660 1885 811 1950 Proclus⁶
827 1885 937 1959 refert,
955 1888 1172 1978 Dercyllidem

156 1999 318 2066 censuisse
334 2010 482 2086 quartam
502 2019 698 2086 anonymam
714 2019 899 2085 personam,
917 2022 989 2086 quae
1010 1999 1173 2066 Socratem

156 2113 297 2198 dialogos
314 2113 361 2176 Da
376 2112 541 2198 Republica
558 2120 741 2174 narrantem
757 2110 921 2176 audiverat
933 2123 964 2176 et
977 2133 1048 2198 quae
1065 2112 1099 2175 in
1120 2111 1172 2174 Ti·

159 2226 256 2288 τηωο7
276 2223 388 2288 absens
409 2222 621 2294 desideratur,
638 2223 746 2310 ipsum
767 2222 933 2288 Platonem
952 2223 1058 2288 fuisse.
1079 2224 1172 2290 Haud
1279 2227 1282 2234 “

157 2335 223 2400 scio
239 2357 280 2400 an
297 2335 393 2398 etiam
409 2357 493 2400 unus
507 2335 685 2400 multorum
700 2335 770 2421 ejus
783 2335 888 2422 operis
900 2335 1058 2404 librorum
1075 2335 1173 2402 suerit

158 2449 213 2514 ille
234 2449 426 2538 Dercyllidis
446 2449 528 2515 liber
543 2450 592 2514 De
605 2452 680 2539 suso
702 2459 731 2512 et
749 2449 899 2536 spondylis
915 2473 1040 2536 quorum
1063 2453 1172 2514 merttio

149 2563 193 2648 fit
207 2562 286 2648 apud
300 2561 458 2628 Plutonem
480 2567 511 2626 in
528 2562 705 2650 Republica,
724 2561 811 2626 unde
832 2561 945 2626 Theou
962 2563 1172 2650 Smyrnaeus8

157 2673 291 2760 longum
303 2673 377 2738 salis
390 2674 513 2746 locum,
527 2675 645 2762 partim
663 2673 704 2740 ad
719 2675 856 2739 verbum
872 2674 1065 2762 exscriptum
1082 2686 1114 2740 et
1127 2686 1171 2740 lo-

157 2796 229 2850 tum
243 2787 289 2853 ad¹
299 2787 526 2854 astronomiam
540 2786 772 2874 pertinentem,
786 2786 874 2874 operi
887 2771 944 2852 sud
956 2786 1099 2852 inseruit.

197 2972 205 3002 1
225 2969 317 3025 raama
331 2971 355 3025 a
366 2969 479 3026 aaronis
489 2971 556 3026 ntur.
572 2991 595 3026 c.
607 2990 647 3034 vr,
660 2973 687 3026 in
703 2947 1169 3047 Fabriciiuittiottsqr,t.11,p.ts

159 3072 207 3115 set.
219 3063 259 3118 ed.
399 3102 401 3112 ,
1038 3061 1043 3073 ’

197 3157 207 3186 ²
226 3156 263 3209 De
275 3156 334 3231 liap.
345 3157 388 3214 lut.
402 3161 451 3222 Vl,
463 3158 514 3213 col.
527 3161 571 3220 51,
586 3158 605 3212 l.
621 3158 656 3230 39
670 3157 834 3212 Gotholredi.

198 3251 207 3278 ³
227 3247 341 3306 Bittiott.
353 3273 391 3326 pr.
405 3263 423 3306 t.
437 3254 475 3306 ΙΙΙ
483 3293 489 3314 ,
502 3273 528 3327 p.
544 3271 575 3324 71
592 3251 715 3307 Harlesii.

198 3343 207 3374 l
229 3342 302 3416 Apud
308 3345 492 3420 Simplicium,
507 3345 532 3400 in
541 3346 618 3421 Pltys.
629 3348 654 3409 l,
669 3345 714 3399 iol.
727 3350 762 3404 aa
775 3347 788 3398 b
801 3346 859 3400 Ald.
871 3344 910 3419 (p.
923 3346 977 3405 sto
991 3364 1007 3396 a
1023 3341 1163 3412 Brundisii)

158 3445 186 3488 et
198 3435 244 3489 sol.
260 3439 293 3491 56
308 3437 321 3490 l
334 3439 393 3492 Ald.
512 3465 517 3476 ·

198 3535 207 3563 ⁵
225 3529 288 3586 Ilid.
303 3532 349 3586 sol.
365 3534 423 3592 sot
437 3533 494 3589 Ald.
508 3534 548 3609 (p.
563 3535 616 3594 dtla
632 3555 661 3596 o,
675 3535 693 3588 l.
706 3538 740 3590 35
753 3545 780 3588 et
790 3553 845 3608 sqq.
855 3531 966 3604 Brendl

197 3629 206 3657 ⁶
225 3627 255 3678 la
272 3625 399 3688 Timaeum,
413 3649 438 3702 p.
453 3649 468 3697 7
484 3647 499 3682 o
513 3630 554 3683 ed.
565 3649 605 3702 gr.
622 3628 698 3684 Basil.
715 3630 753 3702 (p.
772 3633 804 3684 alr
818 3624 994 3695 Schneidcri).

197 3722 206 3751 ⁷
227 3720 313 3772 luitio.

197 3815 207 3844 ⁸
228 3813 324 3865 Astron.
340 3831 363 3864 c.
380 3831 410 3864 xa
422 3824 446 3865 st
459 3833 511 3869 xus.
