2970 4822
388 727 634 814 THEONIS
669 729 931 812 SMYRNAEI

540 955 776 1044 [annuorum]

171 1175 253 1207 ortuis
265 1175 293 1206 BE
307 1175 337 1205 us
350 1173 399 1212 Qua
413 1173 434 1204 111
449 1172 477 1204 un
489 1171 651 1206 »sarnanum
665 1157 707 1220 [Ab
719 1171 832 1204 PLATOMS
847 1155 990 1220 suesionis]
1004 1171 1080 1205 unua
1094 1171 1151 1204 ffl'i'

261 1373 461 1478 [LIBER
501 1379 577 1468 DE
618 1370 1058 1478 usrflououlai.

587 1595 738 1623 —000—

575 1758 698 1814 [osrur
714 1758 732 1802 1.
742 1759 748 1814 1

366 1872 512 1938 [MUNDUM
530 1869 638 1921 TOTUM
655 1869 843 1920 SPHAERICUM
862 1869 960 1938 osso]

207 1997 377 2070 Mundum
391 2011 505 2070 totum
518 1997 722 2091 sphericum
739 2019 825 2076 esse,
843 2010 877 2066 et
895 1998 929 2064 in
950 1996 1040 2066 illius
1055 1995 1171 2068 medio

156 2122 255 2193 sitam
265 2145 336 2193 esse
349 2120 493 2190 Terram
510 2119 711 2214 sphaericam
725 2131 759 2188 et
770 2121 894 2213 ipsam,
909 2143 985 2215 quae
999 2117 1171 2190 adrerum

156 2244 351 2310 universam
373 2243 503 2312 molem
533 2241 701 2312 rationem
732 2244 840 2314 oeutri
871 2240 1061 2312 secundum
1086 2244 1172 2334 posi-

156 2365 303 2443 tionem,
334 2365 501 2434 ratiouem
529 2377 646 2434 autem
673 2363 792 2460 puncti
822 2362 1014 2434 seeundum
1042 2366 1171 2457 magni·

157 2482 313 2554 tudinem
336 2483 502 2566 obtineat,
528 2500 606 2558 ante
629 2487 746 2558 omnia
768 2498 934 2562 statuatur
952 2509 1091 2559 necesso
1111 2499 1170 2556 est.

158 2603 265 2703 Cujus
275 2605 416 2702 quidem
429 2605 593 2678 doctriuoe
603 2609 792 2678 accuratior
805 2609 968 2702 expositio
980 2607 1179 2703 longiorem·

157 2727 480 2809 considerationem,
501 2729 587 2800 sicut
602 2743 636 2800 et
653 2731 823 2826 majorem
835 2753 1036 2800 sermonum
1049 2732 1172 2800 seriem

158 2865 367 2944 exposceret3
393 2850 453 2922 sed
476 2851 553 2920 satis
580 2852 659 2930 erit,
684 2849 728 2920 ad
751 2874 872 2922 eorum
898 2875 974 2948 quae
996 2849 1173 2924 tradentur

157 2987 394 3066 conspectum,
427 2997 466 3050 ea
493 2987 629 3044 tantum
653 2971 773 3044 referri
800 2997 877 3068 quae
905 2969 1102 3044 summatim
1124 2971 1171 3042 ab

159 3089 300 3164 Adrasto
318 3092 441 3164 tradita
460 3109 549 3164 sunt.
570 3095 657 3166 Nam
675 3093 880 3188 sphaericum
900 3119 970 3166 esse
983 3094 1169 3174 mundum,

159 3320 246 3380 verba
264 3333 361 3384 autam
376 3327 449 3405 saepi
464 3324 657 3406 ἁσΊρολογίας
673 3345 709 3386 ex
726 3326 790 3408 ipso
800 3323 878 3392 iibri
898 3325 1086 3387 astronomici
1105 3325 1173 3406 Epi·

158 3423 235 3506 logo.
258 3424 345 3504 (Vide
365 3426 436 3488 Diss.
457 3438 531 3509 part.
553 3428 625 3495 1‚c.
647 3449 671 3495 ι,
696 3429 708 3486 S
729 3427 762 3496 3,
785 3427 837 3488 ubi
856 3429 1077 3509 etiampartem
1097 3425 1172 3486 hauc
1208 3431 1210 3437 '

158 3528 255 3610 operis
267 3529 356 3590 totius
370 3541 509 3612 quarmm
524 3552 587 3590 esso
599 3529 711 3590 librum
726 3531 932 3610 ostendimus.)

201 3631 211 3660 ³
233 3631 344 3714 Capitis
359 3631 479 3693 titulum
492 3635 587 3702 hunc,
603 3656 620 3695 e
632 3635 732 3696 codice
747 3635 911 3702 absentem.
925 3654 942 3694 e
960 3635 1063 3717 primis
1077 3643 1170 3694 textus

158 3735 252 3796 verbis
266 3746 296 3795 et
310 3755 344 3795 ox
360 3738 485 3796 auctoris
501 3739 643 3798 sententia
659 3761 676 3798 a
691 3738 775 3799 nobis
787 3737 936 3808 relictum,
953 3739 1037 3800 uncis
1049 3735 1169 3802 inclusi-

158 3859 234 3898 mus.
251 3835 339 3917 (Vide
354 3838 427 3898 Diss.
441 3851 513 3922 part.
527 3841 554 3910 l,
570 3863 595 3903 o.
613 3842 685 3912 1v‚i
703 3843 744 3921 a.)
