3016 4826
483 441 539 504 DE
562 441 854 503 nsrttottouta.
1110 439 1171 502 353

169 568 253 627 Nunc
267 563 348 625 addit
360 563 534 647 quadratum
550 563 682 624 diametri
697 563 858 623 stadiorum
873 583 936 624 eece
948 561 1171 644 bbu7rbdrad3

167 679 285 730 etcertc
300 665 706 748 80182¹=642715312u
727 667 814 726 Recte
834 667 920 726 ctiam
939 666 1020 726 addit
1039 665 1171 750 ejusdem

166 771 301 832 ffiametri
322 769 432 831 cubum
460 791 522 830 esse
546 767 706 830 stadiorum
736 767 1069 852 515341991788568,
1088 771 1172 852 cujus

166 875 283 934 numeri
297 873 410 934 decima
429 884 531 956 quarta
549 895 614 956 pare
635 885 678 932 cat
697 869 1001 953 86810142270612.
1017 873 1050 932 ln
1066 893 1097 932 re
1113 895 1173 934 ma·

164 977 320 1038 thematice
332 988 426 1044 certa,
442 997 529 1036 ncmo
544 988 587 1036 est
597 997 686 1059 quem
703 987 858 1036 morentur
874 975 1014 1036 mendose
1029 976 1127 1059 scripti
1142 977 1173 1036 in

165 1080 265 1143 codice
284 1080 409 1140 numeri.
431 1079 475 1139 Ad
496 1077 696 1138 aesfimandam
716 1079 812 1138 Terra
831 1077 955 1146 molem,
972 1089 1122 1160 supererat
1141 1089 1173 1138 ut

165 1183 300 1244 diametri
314 1182 383 1244 cubi
397 1203 464 1265 pars
479 1179 528 1240 illa
543 1181 656 1240 decima
670 1192 774 1263 quarta
787 1201 840 1262 per
856 1203 873 1262 7
885 1184 904 1258 ξ
920 1179 1171 1264 multiplicaretur.

164 1285 253 1368 Atqui
267 1282 559 1366 368101u2270612
574 1287 648 1364 x7÷
664 1307 705 1340 =
717 1281 1026 1368 269941043317821
1041 1283 1175 1360 {Hunc

166 1408 340 1455 numerum,
354 1407 444 1470 quem
458 1387 489 1445 in
504 1385 605 1448 codice
619 1385 695 1446 male
710 1387 849 1468 scriptum
862 1389 924 1469 jam
940 1407 1027 1469 supra
1043 1385 1174 1446 restitue·

165 1511 265 1551 ramus
276 1488 296 1557 ¹,
316 1488 364 1548 hic
381 1490 502 1557 iterum,
525 1499 663 1571 poscente
682 1489 806 1548 auctoris
828 1489 982 1558 sententia,
1003 1489 1173 1549 indidimus.

167 1593 315 1668 Quoniam
327 1603 424 1653 autem
439 1592 524 1675 plura
537 1594 569 1652 in
583 1593 683 1653 codice
697 1593 798 1654 deesse
811 1594 955 1661 videntur,
969 1592 1120 1676 probabile
1132 1605 1176 1654 eat

167 1676 1175 1779 auctorem,iniisquenuncdcaunt,calendione,quumindiametrc

167 1819 262 1860 unum
273 1798 378 1881 pedem
386 1797 474 1881 longe
487 1797 655 1868 sintbdoco
666 1799 748 1882 grani
759 1799 832 1860 milii
843 1799 992 1867 diametri,
1006 1800 1037 1860 in
1048 1798 1173 1883 aphaera,

167 1903 252 1985 cujus
276 1901 336 1962 huc
360 1911 403 1962 est
427 1901 596 1969 diametros,
624 1923 688 1962 esee
717 1903 967 1964 512000000000
993 1903 1076 1986 grani
1101 1901 1177 1962 milii

166 2003 274 2072 moles,
286 2015 316 2064 et
325 2005 408 2064 toties
413 2003 478 2086 sene
485 2003 594 2074 Terre,
607 2004 725 2088 qualem
736 2005 860 2065 credidit
871 2004 1088 2074 Eratosthenes,
1099 2003 1177 2064 mole

168 2107 311 2168 contineri
329 2127 383 2188 pro
398 2105 536 2188 spherica
552 2105 681 2166 habitam
699 2107 817 2166 maximi
837 2109 945 2167 montis
964 2107 1066 2166 decem
1086 2106 1177 2166 stadia

169 2209 220 2270 alti
233 2209 351 2271 molem.
365 2209 398 2270 ld
411 2209 531 2291 quidem
546 2231 605 2270 non
618 2221 661 2269 est
672 2221 804 2270 accurate
815 2231 931 2277 verum;
947 2209 1000 2270 sed
1014 2221 1114 2270 auctor
1125 2231 1176 2270 no-

168 2313 225 2374 luit
236 2324 368 2374 accurate
379 2312 475 2396 loqui,
489 2324 517 2372 et
528 2312 583 2374 hac
595 2313 676 2372 omni
687 2313 724 2373 de
736 2334 767 2372 re
780 2313 929 2394 usurpavit
942 2313 1177 2394 numerosserme

169 2427 274 2477 tontum
288 2435 378 2476 veroa.
394 2415 510 2476 Etenim
525 2414 635 2476 dixerat
648 2416 743 2475 Terrae
757 2416 913 2483 diametro,
933 2437 997 2499 quae
1017 2415 1176 2476 stadiorum

170 2517 275 2600 sitfere
289 2517 405 2586 80182,
421 2519 523 2578 decem
541 2519 645 2585 stadia,
661 2540 726 2602 quae
741 2540 802 2578 esse
822 2519 941 2601 ponitur
960 2519 1077 2578 maximi
1095 2539 1177 2579 mon-

168 2623 205 2681 tis
223 2621 359 2690 altitudo,
378 2621 466 2682 octies
486 2620 591 2681 millies
602 2619 693 2703 senne
711 2621 870 2690 contineri,
891 2631 920 2679 ct
941 2621 1071 2704 sphaerae,
1092 2623 1178 2704 cujus

169 2723 326 2784 diametros
342 2725 379 2783 sit
392 2723 493 2784 decem
508 2723 682 2793 stadiorum,
696 2723 804 2783 molem
819 2744 882 2784 esse
892 2723 1057 2784 «solidorum
1072 2723 1176 2785 stadio-

169 2849 237 2888 rum
254 2827 394 2910 52dsm.
410 2827 521 2888 Idcirco
526 2827 620 2910 ferme
635 2839 738 2887 tuntum
752 2847 819 2886 vera
833 2838 876 2887 est
890 2826 950 2887 baec
965 2831 1114 2910 proportio
1129 2855 1134 2886 z

270 2929 568 2991 1:512000000000
584 2955 609 2987 :z
628 2930 687 2996 5νή
705 2955 710 2986 :
729 2927 1037 3011 2699u10t13317821
1053 2933 1079 3006 ξ.
1185 2910 1189 2916 ’

619 3091 690 3143 Nora
711 3091 729 3141 l.

488 3199 526 3252 Ad
539 3218 561 3251 c.
577 3216 613 3260 tv,
626 3199 669 3250 lol.
686 3204 744 3261 da,
758 3219 783 3273 p.
798 3201 858 3254 158.

220 3386 351 3400 .......
362 3343 398 3399 τὰ
414 3347 472 3398 τῶν
491 3340 663 3420 [γνωμόνων
682 3343 755 3421 ἂκρα
774 3345 821 3400 ἐπὶ
842 3347 946 3421 χωρῶν
965 3363 997 3400 re
1016 3345 1063 3400 uui
1081 3343 1178 3400 τόπων

169 3442 305 3521 πάντων]
328 3451 380 3511 τῆς
404 3441 722 3520 elocutust-toci
745 3441 833 3525 hujus
855 3443 886 3501 iu
908 3443 1008 3502 codice
1030 3442 1178 3504 evidenter

169 3542 261 3603 hiulci
281 3564 346 3604 ecce
366 3541 485 3602 latinam
504 3541 645 3604 Chalcidii
664 3544 825 3605 versionem
834 3542 853 3612 ¹,
880 3565 896 3604 e
919 3565 978 3628 qua
1000 3555 1111 3605 textum
1135 3566 1178 3604 re

169 3643 308 3705 finximus
327 3669 332 3701 :
351 3641 447 3715 «Quia
458 3665 525 3704 vcro
543 3643 673 3722 (Terra),
689 3667 758 3706 cum
773 3644 966 3727 amplitudine
978 3647 1118 3706 universae
1135 3647 1178 3706 rei

204 3802 210 3828 ¹
228 3801 288 3850 Vide
298 3803 382 3850 Notum
395 3817 417 3848 r.

204 3887 213 3911 ¹
229 3885 277 3933 Fol.
292 3890 321 3939 alr
334 3885 346 3935 b
358 3885 471 3943 Asccneii,
485 3903 509 3952 p.
524 3887 629 3939 att-rto
641 3889 741 3937 Meursii.
