2964 4824
471 403 526 463 DE
549 401 845 464 nsrflonoull.
1097 403 1159 463 275

158 541 315 597 movente
342 549 476 596 currere
506 527 607 598 simul
631 541 791 621 tanquam
816 527 923 596 soluta
949 541 981 596 et
1004 551 1065 621 per
1090 551 1160 597 sese

157 653 242 742 ipsa,
258 672 322 718 nec
335 671 416 718 vero
431 653 466 718 in
482 673 552 718 uno
564 650 641 718 loco
657 651 773 728 rotari,
791 671 854 718 nec
870 673 887 716 a
904 649 979 718 loco
994 651 1029 716 in
1045 649 1161 718 locum

157 771 249 840 volvi
267 773 426 851 munna,
443 770 503 842 sed
520 773 631 865 potius
649 793 792 864 corpore
807 768 959 839 illo-lerri
978 784 1062 841 astra
1076 774 1163 840 iner-

158 895 277 972 rantia,
302 919 379 987 quae
403 893 508 964 multa
532 907 625 973 sunt,
651 915 718 960 una
745 906 779 960 et
804 896 978 961 communi
1004 892 1162 962 omnibus

157 1013 286 1108 sphaera
305 1017 508 1084 extrinsecus
525 1014 737 1090 involvente,
754 1027 788 1082 et
807 1016 1027 1084 erraticorum
1044 1039 1163 1084 unum-

158 1133 320 1230 quodque
337 1135 499 1227 pluribus·
507 1134 662 1228 sphaeris,
681 1155 795 1202 rursus
810 1138 845 1202 in
865 1134 1047 1204 undecimo
1062 1135 1165 1206 Meta-

159 1257 375 1351 physicorum
387 1256 476 1326 libro
489 1252 569 1326 dicit
581 1255 761 1325 Eudoxum
776 1270 810 1324 et
822 1255 1016 1350 Callippum
1028 1249 1165 1350 sphaeris

159 1377 362 1472 quibusdam
375 1402 514 1450 movere
530 1373 615 1448 astra
629 1381 782 1448 errantia.
797 1377 945 1448 Naturali
960 1382 1052 1447 enim
1063 1382 1165 1448 scien·

161 1503 213 1570 tiae
228 1513 493 1570 consentaneum
508 1515 571 1579 est,
591 1521 702 1594 neque
718 1514 802 1568 astra
819 1503 887 1593 ipsa
903 1499 1064 1568 eumdem
1082 1525 1166 1569 sern-

159 1646 222 1716 per
235 1625 270 1690 in
286 1620 429 1692 modum
443 1619 522 1690 ferri
537 1641 597 1716 per
612 1619 755 1691 circulos
770 1619 949 1715 quosdam,
971 1633 1028 1690 aut
1045 1625 1163 1715 spiras,

160 1743 348 1838 etquidem
366 1747 673 1837 contrario,=atque
691 1746 904 1823 universum,
924 1757 1035 1821 motu,
1055 1765 1166 1838 neque

160 1865 324 1958 quosdam
338 1865 481 1934 circulos
497 1867 625 1934 circum
637 1888 696 1935 sua
709 1865 860 1956 ipsorum
876 1877 990 1932 centra
1005 1867 1107 1933 rotari
1122 1861 1167 1932 fe-

159 1999 270 2054 rentes
282 1999 367 2056 astra
375 1985 438 2054 sibi
450 1983 565 2064 infixa,
576 1998 608 2054 et
616 1985 679 2054 hos
690 1983 829 2076 quidem
840 1984 963 2054 eodem
973 2007 1086 2054 versus
1097 2009 1166 2078 quo

161 2121 195 2174 et
207 2109 417 2186 universum,
430 2107 504 2175 illos
516 2131 598 2176 vero
611 2107 777 2175 contrario
791 2120 897 2174 moto.
910 2103 979 2192 Qui
991 2108 1083 2175 enirn
1095 2103 1167 2175 fieri

161 2241 271 2320 potest
282 2241 321 2296 ut
332 2228 462 2297 circulis
481 2229 689 2319 incorporeis
702 2227 779 2295 talia
792 2249 934 2319 corpora
945 2226 1142 2320 alligentur?

212 2349 323 2418 Immo
342 2373 411 2418 esse
430 2347 598 2442 quasdam
616 2350 724 2440 quimi
746 2349 899 2440 corporis
918 2348 1063 2440 sphaeras
1086 2361 1166 2417 co'n

161 2493 284 2565 gruans
294 2483 357 2549 est,
374 2473 408 2536 in
426 2469 501 2537 coeli
516 2471 664 2537 universi
683 2441 855 2560 profundo
868 2471 943 2536 sitas
960 2481 994 2536 et
1010 2455 1081 2537 sese
1098 2493 1170 2538 mo-

161 2607 291 2671 ventes,
302 2591 361 2660 has
373 2591 583 2669 excelsiores,
594 2587 665 2658 illas
675 2587 737 2658 sub
751 2589 802 2658 his
812 2593 948 2683 positas,
959 2591 1018 2670 has
1030 2591 1168 2685 quidem

164 2716 322 2808 majores,
335 2713 407 2781 illas
418 2735 499 2781 vero
510 2713 674 2790 minores,
685 2725 718 2780 et
725 2711 783 2779 has
798 2725 957 2804 praeterea
971 2736 1084 2807 cavas,
1098 2713 1169 2782 illas

164 2832 283 2903 solidas
294 2837 328 2901 in
339 2833 463 2902 harum
471 2856 584 2900 rursus
595 2829 780 2926 profundo
794 2829 932 2926 quibus,
946 2836 1169 2903 inerrantium

166 2979 276 3034 more,
293 2953 391 3024 infixa
403 2957 558 3032 erratica,
573 2954 711 3024 illorum
722 2968 818 3024 motu
831 2954 989 3047 simplici,
1001 2953 1061 3023 sed
1070 2979 1169 3048 prop-

165 3090 218 3144 ter
234 3076 327 3145 locos
350 3077 559 3174 inaequaliter
576 3077 692 3153 celeri,
714 3073 839 3154 delata,
862 3100 918 3169 per
938 3074 1078 3146 occidam
1099 3100 1170 3146 cer·

166 3211 294 3266 nuntur
305 3211 464 3292 tanquam
478 3202 567 3268 varie
575 3201 647 3293 jam
661 3220 732 3266 sese
749 3199 918 3268 moventia
935 3212 968 3266 et
983 3195 1171 3267 describen-

165 3323 209 3386 tia
233 3319 374 3414 circulos
398 3319 561 3414 quosdam
583 3322 801 3396 excentricos,
827 3321 1003 3387 autetiam
1027 3317 1170 3405 aliorum

209 3510 218 3537 ⁹
242 3511 274 3568 ln
291 3511 389 3570 codice
404 3511 484 3570 deest
499 3516 560 3587 μέν.

201 3613 220 3641 ¹⁰
243 3613 277 3671 ln
291 3613 390 3672 codice
404 3611 546 3672 colsuain

200 3716 220 3746 ¹¹¹
244 3715 277 3774 ln
292 3710 391 3774 codice
404 3713 600 3797 scriptumest
612 3739 655 3776 ra.

202 3817 221 3846 ¹²
245 3817 318 3877 Vide
332 3817 519 3885 Tabulam‘s,
535 3825 566 3877 η’
581 3819 630 3900 39.
725 3837 733 3866 ὲ
