3016 4826
493 421 549 482 DE
572 419 869 484 ASTRONOMIA.
1122 423 1180 486 dol

177 565 238 606 non
252 545 344 606 utitur
358 543 581 613 enharmonico,
596 545 628 604 in
642 563 703 627 qno
717 543 770 604 trie
790 541 963 606 tetrachordi
982 545 1124 627 eujnsqna
1142 544 1184 604 in·

177 647 295 710 tervalla
306 659 390 709 erant
401 671 407 706 z
422 652 449 706 r⁰
458 647 520 708 toni
530 657 633 728 quarta
645 667 727 730 pars,
738 652 769 706 π’
778 645 840 707 toni
851 655 954 727 quarta
964 665 1044 728 para.
1057 645 1088 708 3⁰
1098 655 1184 708 wnur

176 751 294 834 duplex.
310 751 371 810 Nec
386 770 453 812 vero
471 748 631 818 dhtonioo,
651 750 683 808 in
701 769 761 831 quo
783 747 959 810 tetrachordi
980 751 1122 832 cujurque
1143 749 1185 810 in·

177 851 295 914 toriello
309 862 410 912 erant:
429 858 456 912 1⁰
468 845 670 921 semitonium,
684 857 715 912 a·
727 863 829 920 tonus.
843 851 874 912 3⁰
887 861 990 920 tonum
1003 871 1133 934 namque
1148 849 1186 912 sd

177 955 209 1016 id
227 975 321 1038 genus
340 976 399 1018 non
414 955 539 1038 pertinet
551 953 655 1038 triplex
671 955 873 1022 misterium,
888 951 970 1038 quod
983 953 1111 1016 illaesae
1125 953 1187 1016 vult

178 1059 253 1120 inter
266 1058 363 1120 Solem
378 1070 407 1120 ct
420 1059 578 1126 Venerem.
594 1069 624 1120 et
638 1077 791 1141 nunquam
805 1057 837 1116 in
851 1077 887 1118 eo
899 1077 1007 1139 genere
1021 1055 1082 1118 dno
1096 1077 1131 1118 ex
1141 1077 1186 1118 or·

176 1161 247 1222 dine
267 1159 416 1225 intervalla
436 1161 589 1220 semitonia
611 1171 688 1222 sunt.
711 1159 812 1243 Neque
833 1161 922 1222 etiam
942 1158 1135 1228 chromatico.
1155 1159 1186 1220 in

175 1285 237 1347 quo
256 1262 430 1326 tetrachordi
449 1266 591 1348 cujusque
610 1261 761 1324 intervalla
777 1275 869 1324 sunt:
890 1269 916 1322 r·
936 1263 1140 1331 semitonium.
1157 1269 1187 1324 a·

177 1367 378 1434 semitonium.
403 1369 433 1428 3⁰
456 1365 560 1448 triplex
578 1366 783 1434 semitoniumr
804 1387 933 1448 nemque
951 1367 983 1426 in
1002 1365 1058 1428 lioc
1081 1385 1188 1448 genera

178 1470 240 1530 toni
253 1468 438 1530 intervallum
453 1479 496 1530 est
509 1468 632 1552 quidem
645 1489 758 1530 summe
771 1468 900 1530 duorum
914 1467 1133 1532 intervallorum
1145 1469 1186 1530 in·

178 1583 222 1634 ter
236 1573 362 1654 primam
377 1584 407 1634 et
420 1573 536 1632 tertiam
550 1573 692 1655 cujusque
707 1571 883 1634 tetrachordi
901 1569 1040 1640 chordas,
1056 1570 1109 1634 scd
1127 1591 1186 1634 non

177 1676 254 1734 inter
263 1675 336 1734 duas
345 1696 378 1735 ex
388 1674 492 1736 ordine
502 1674 624 1734 chordas
636 1675 783 1738 invenitur
787 1677 902 1760 justum
913 1676 975 1736 toni
986 1673 1186 1744 intervallum.

178 1778 235 1838 nisi
249 1777 323 1838 illud
336 1778 417 1862 quod
431 1789 474 1839 est
488 1779 564 1838 inter
578 1777 714 1862 disjuncta
730 1778 791 1840 dno
803 1775 1000 1846 tetrachorda.
1016 1787 1158 1838 ettamen
1168 1799 1187 1838 a

176 1879 265 1940 Terra
274 1880 314 1940 ad
327 1880 444 1940 Lunam
454 1891 483 1940 et
494 1901 511 1938 a
522 1879 590 1941 Sola
602 1879 639 1940 ad
652 1881 773 1941 Martem
784 1879 848 1942 vult
860 1878 1022 1944 Alexander
1031 1890 1115 1940 tonos
1125 1899 1188 1940 esse

177 1982 318 2063 singulos.
330 1983 425 2044 lmmo
438 2001 615 2067 veronaque
627 1983 744 2044 mixtus
756 2003 819 2044 esse
831 1993 927 2066 potest
938 2003 1046 2064 genuae
1059 2003 1187 2066 nmque

177 2086 209 2144 in
220 2085 303 2146 nullo
313 2084 358 2147 vel
369 2086 458 2147 mixto
468 2087 685 2166 generatrices
697 2086 800 2148 ordine
812 2107 875 2147 ease
886 2097 1009 2168 possunt
1020 2085 1187 2154 semitonia,

177 2188 276 2270 qualia
294 2187 457 2250 Alexander
471 2209 535 2250 esse
548 2188 611 2250 vult
625 2211 642 2248 a
656 2188 747 2250 Marta
767 2189 805 2250 ad
824 2189 939 2258 lovem.
956 2211 972 2248 a
990 2189 1061 2250 Jove
1081 2189 1118 2248 ad
1137 2185 1186 2250 Sa·

178 2301 312 2359 turnum,
327 2303 355 2352 ct
369 2313 386 2352 a
400 2291 527 2354 Saturno
539 2291 577 2352 ad
588 2292 749 2352 inerrantes
764 2291 869 2352 stellas.

220 2392 279 2454 lllae
293 2406 362 2454 runt
376 2394 616 2478 reprehensiones
627 2394 737 2477 quibus
748 2395 779 2454 iu
793 2393 989 2456 Alexandrum
1002 2405 1119 2478 poetam
1133 2393 1187 2456 hac

177 2496 216 2556 de
235 2518 266 2558 re
285 2499 330 2558 usi
349 2508 419 2558 sunt
437 2497 577 2558 Adrastus
594 2509 624 2558 et
643 2507 708 2580 post
726 2517 795 2558 eum
814 2496 916 2558 Theon
933 2497 1102 2580 Smyrnaeus
1118 2522 1124 2556 ι
1139 2517 1187 2560 aas

177 2620 281 2660 omnes
295 2621 377 2660 veras
390 2621 454 2660 esse
468 2600 500 2658 in
515 2611 615 2684 aperto
628 2611 680 2661 est.

220 2701 263 2762 De
282 2703 368 2762 variis
386 2701 577 2785 antiquorum
591 2701 858 2786 opinionibusque
877 2701 913 2762 ad
933 2700 1112 2784 sphaerarum
1130 2721 1186 2764 ooa-

177 2804 295 2864 lestium
310 2816 485 2866 concentum
500 2805 660 2887 pertinent,
676 2805 743 2866 vide
762 2805 801 2864 sia
819 2815 952 2866 auctores
970 2825 1044 2886 quos
1065 2825 1186 2866 enume-

177 2907 307 2966 ravimus
324 2907 355 2966 in
373 2906 449 2968 libro
469 2886 570 2968 Audes
583 2929 631 2968 aar
644 2907 669 2967 le
687 2906 777 2968 Timeo
795 2905 828 2968 de
847 2905 961 2974 Pluton,
977 2918 995 2968 t.
1016 2907 1056 2976 ll.
1076 2908 1108 2968 in
1127 2907 1186 2968 ima

178 3030 208 3090 p.
223 3009 273 3072 38.
289 3009 372 3072 Adde
386 3011 551 3093 Hyginum.
567 3011 644 3070 Poet.
660 3021 762 3072 estmn.
778 3009 825 3077 lv,
843 3012 891 3076 sla.

619 3173 691 3226 Nors
711 3171 742 3224 ll.

394 3249 397 3257 Α
475 3283 521 3337 Ad.
536 3301 558 3337 c.
572 3301 629 3344 rvr,
644 3281 687 3336 lol.
704 3301 719 3353 q
734 3283 763 3345 l,
777 3301 803 3356 p.
818 3275 880 3337 r'oo.
901 3263 907 3278 ⁸
1021 3355 1025 3358 -

225 3465 359 3482 .......
369 3422 463 3502 [plau]
478 3427 615 3504 ἁρμονίαν
627 3421 960 3504 arpensem-Hune
972 3421 1130 3484 Paroarum
1142 3420 1184 3482 su·

175 3543 243 3582 sum
258 3544 320 3584 esse
335 3523 455 3594 coelnrn,
471 3524 631 3608 descriptos
647 3527 729 3586 astris
746 3524 911 3586 errantibus
930 3535 1041 3608 septem
1060 3521 1185 3586 circulos

175 3625 383 3708 complectens,
407 3625 492 3688 multi
506 3629 568 3710 jem
588 3627 666 3689 docti
686 3629 740 3688 viri
759 3626 949 3690 ostenderunt
959 3625 978 3695 ¹,
1001 3638 1030 3687 et
1050 3625 1182 3710 quedem

210 3765 215 3798 ¹
234 3763 293 3814 Vide
310 3781 363 3831 qna
382 3764 425 3814 hac
442 3764 471 3814 de
489 3783 513 3814 re
531 3774 583 3833 post
600 3766 834 3818 Sohlaiermaoherum
852 3765 980 3834 disputavit
995 3765 1030 3816 vir
1047 3763 1183 3816 clariuimur

174 3847 253 3898 Victor
266 3849 365 3906 Conna,
380 3848 405 3898 in
415 3847 517 3900 Platonis
527 3850 636 3900 versionis
648 3849 736 3918 gallicas
748 3859 766 3900 t.
775 3853 809 3908 X,
824 3869 849 3917 p.
860 3852 906 3914 378
917 3843 941 3899 et
952 3865 1004 3916 sqq.
