2964 4824
483 433 538 493 DE
562 431 859 492 Asrnououm.
1113 435 1173 494 289

168 556 394 650 spectantibus
427 560 538 651 ipsum
578 583 714 653 quoque
750 555 833 646 αςγδ
860 555 1033 625 zodiacum
1069 556 1178 626 consi-

168 703 262 758 ccre‚
294 677 335 746 ad
363 681 536 774 sequentia
558 679 751 774 'procedens
779 682 813 746 in
841 678 1046 748 contrariam
1070 681 1178 748 motui

168 801 316 869 universi
339 813 481 895 partem.
506 800 685 872 Videbitur
709 814 822 869 autem
847 802 948 868 etiam
971 803 1006 868 in
1032 799 1178 870 latitudi-

170 946 251 990 nem
269 925 399 993 moveri
418 922 538 992 eadem
557 925 793 1016 proportione,
814 945 881 1014 qua
899 921 1016 990 circrdi
1040 922 1178 1015 planitia

171 1041 310 1136 obliqua
329 1058 377 1113 cst
398 1045 527 1114 circulo
548 1069 609 1138 per
628 1047 719 1137 signa
737 1042 874 1112 medio:
899 1041 1022 1136 quibus
1040 1043 1179 1138 quidem

171 1164 318 1257 planitiis
333 1165 375 1234 ad
390 1164 673 1259 perpendiculum
694 1179 772 1234 sunt
791 1189 865 1233 axes
883 1162 1062 1234 ambarum
1076 1166 1180 1259 ipsius

171 1285 389 1380 sphaerarum.
417 1286 485 1356 Sed
513 1290 606 1356 etin
633 1287 754 1356 eodem
778 1311 912 1381 semper
940 1287 1016 1355 loco
1041 1285 1181 1357 habebit

153 1419 156 1424 '
171 1410 355 1479 maximam
374 1435 392 1478 a
410 1408 515 1478 Terra
531 1407 723 1478 distantiam
740 1407 978 1501 videbiturque
993 1407 1180 1478 tardissime

173 1531 318 1610 moveri,
338 1529 496 1600 videlicet
513 1532 549 1598 in
568 1530 691 1600 zodiaci
714 1545 843 1624 puncto
867 1559 901 1610 α,
925 1545 1105 1625 postquam
1128 1553 1179 1601 so-

171 1650 249 1720 lidae
260 1651 398 1744 sphaerae
409 1666 565 1722 centrum
576 1655 612 1720 in
624 1667 716 1722 recta
726 1653 816 1721 linea
829 1654 867 1722 αθ
880 1654 944 1722 erit
953 1654 988 1722 in
1001 1667 1129 1746 puncto
1142 1683 1179 1740 μ,

172 1787 205 1840 et
218 1786 349 1860 astrum¹
360 1777 472 1868 ipsum
486 1777 521 1843 in
535 1787 664 1869 puncto
677 1803 705 1854 e;
722 1787 823 1868 atque
837 1774 871 1842 in
885 1777 1041 1868 opposito
1053 1787 1182 1869 puncto

171 1920 307 1990 semper
326 1899 469 1966 minime
488 1923 505 1965 a
524 1897 630 1966 Terra
648 1895 784 1966 distabit
801 1909 834 1965 et
853 1897 1030 1966 celerrime
1053 1899 1182 1968 moveri

171 2015 351 2097 videbitur,
363 2021 399 2086 in
408 2017 535 2088 zodiaci
543 2032 671 2112 puncto
680 2047 717 2108 γ,
731 2031 926 2112 postquam,
940 2018 1047 2089 solida
1054 2017 1182 2112 sphaera

173 2119 344 2208 inlocum
365 2144 558 2234 oppositum
583 2141 755 2218 translata,
783 2139 898 2210 solidae
924 2142 1026 2210 etiam
1045 2138 1183 2234 sphaerae

174 2276 332 2331 centrum
348 2265 383 2331 in
403 2237 446 2352 dp
460 2278 551 2332 recta
570 2265 659 2332 linea
678 2265 742 2332 erit
763 2239 943 2356 inpuncto
962 2292 995 2343 ν,
1016 2276 1049 2331 et
1072 2265 1183 2357 ipsum
1239 2255 1246 2276 '

175 2385 357 2453 erraticum
380 2401 507 2454 astrum
532 2389 568 2454 in
593 2400 720 2480 puncto
745 2415 786 2476 γ,
811 2385 846 2454 id
869 2399 919 2455 est
942 2389 977 2453 in
1003 2403 1131 2479 puncto
1156 2415 1182 2454 υ.

174 2505 304 2576 Medias
318 2531 398 2576 vero
416 2506 586 2576 distantias
604 2507 802 2600 mediosque
818 2521 931 2577 motus
945 2505 1086 2576 habebit
1103 2505 1183 2577 duo-

173 2629 237 2698 bus
252 2629 287 2697 in
300 2629 397 2709 locis,
413 2654 522 2723 quum
536 2633 599 2699 erit
612 2631 646 2698 in
657 2632 791 2723 punctis
803 2627 1063 2724 bipartientibus
1076 2633 1185 2726 epicy-

173 2751 266 2820 clum
286 2746 364 2831 εζπη
383 2765 416 2820 et
432 2752 687 2820 concentricum
707 2743 802 2836 μλνξ,
823 2749 982 2820 videlicet
999 2751 1034 2820 in
1052 2753 1185 2844 punctis

175 2873 210 2956 ζ,
231 2902 263 2954 n,
284 2899 374 2968 quae,
394 2887 535 2968 propter
550 2876 754 2942 contrariam
772 2871 980 2968 sphaerarum
999 2873 1185 2944 translatio-

178 3017 273 3074 nem,
293 2995 346 3064 vel
365 3019 454 3089 pone
478 2996 707 3072 relictionem,
729 2994 847 3064 eadem
866 2993 953 3064 fiunt
976 3008 1075 3088 atque
1092 3004 1130 3080 λ,
1150 2991 1182 3075 ξ,

209 3239 229 3270 ¹⁰
251 3242 284 3300 ln
300 3243 398 3304 codice
412 3249 455 3304 τό.

212 3344 230 3374 ¹¹
254 3345 287 3406 ln
303 3346 414 3416 codice,
432 3361 496 3432 post
516 3353 565 3416 ἐκ,
585 3363 628 3410 est
645 3351 762 3433 signum
778 3354 854 3412 vocis
876 3357 1008 3435 κέντρον,
1028 3351 1137 3435 syllaba
1152 3375 1185 3411 ov

146 3537 150 3545 Ι
176 3450 367 3532 superposita.
382 3451 440 3511 Sed
457 3430 616 3536 legendum
632 3458 799 3535 έγκέντρου.
816 3455 889 3517 Vide
904 3457 1007 3518 Notam
1021 3475 1072 3522 nn,
1089 3467 1118 3514 et
1132 3455 1185 3515 Te·

176 3552 277 3612 hulam
293 3573 324 3621 s,
340 3560 371 3612 n⁰
388 3575 402 3614 2
421 3555 446 3614 lt.

210 3653 230 3684 ¹²
253 3657 311 3716 Pro
326 3659 392 3724 τάς,
413 3659 444 3716 in
459 3657 558 3718 codice
573 3661 713 3742 scriptum
728 3672 771 3721 est
787 3666 821 3720 τὸ
841 3661 871 3732 e,
887 3673 915 3722 et
929 3683 983 3744 pro
999 3661 1030 3732 ζ,
1046 3686 1080 3733 η,
1097 3662 1186 3743 serip-

176 3771 240 3820 tum
252 3771 296 3820 est
309 3757 350 3826 ἓν
368 3759 465 3821 Facile
479 3773 630 3823 mutantur
642 3787 657 3824 ς
670 3765 702 3824 in
716 3787 744 3832 e,
761 3763 776 3832 ζ
790 3765 821 3824 in
838 3762 868 3832 ξ,
882 3776 911 3824 et
926 3787 944 3834 η
959 3766 989 3823 in
1005 3787 1029 3823 ν.

210 3862 229 3891 ¹³
252 3865 286 3924 ln
301 3863 400 3924 codice
415 3863 569 3940 ὑπόληψιν.

1005 3987 1037 4038 ts
