2964 4824
478 396 534 458 DE
557 395 856 461 Asrflonoml.
1108 395 1168 458 207

580 609 678 665 [carun
694 609 755 650 xxx.

200 741 305 790 UTRUM
323 739 421 790 Asrrn
441 741 870 797 urnnnrlnln01ncurrs‚nn
890 740 1013 789 crucum
1030 739 1129 790 ASTRA

228 825 388 876 reflamus
405 825 523 874 ClllCUlll
542 825 599 873 SUA
617 823 753 874 lrsonull
773 825 896 874 cunm
913 823 1105 890 novumn]

213 1005 354 1078 Clarum
373 1020 423 1076 est
440 1029 562 1100 parum
580 1003 721 1086 referre,
742 1005 871 1076 volenti
890 1005 1066 1076 salvaene
1084 1005 1172 1100 phae-

161 1153 324 1208 nomena,
338 1143 453 1198 utrum
468 1141 553 1202 aetra
568 1129 712 1198 errantia
726 1129 761 1196 in
775 1127 925 1206 circulis,
938 1139 978 1196 ut
991 1125 1171 1198 definitum

161 1265 228 1330 est,
250 1253 382 1322 moveri
405 1248 508 1330 dieat,
534 1275 577 1320 an
600 1249 744 1320 circrdos
766 1246 912 1320 serentes
934 1247 1072 1320 illorum
1098 1274 1171 1322 cor-

136 1449 137 1454 ,
161 1397 245 1468 pora
267 1374 358 1466 ipsos
380 1374 509 1442 circum
532 1371 670 1466 propria
693 1384 807 1442 centra
832 1373 964 1440 moveri
990 1401 997 1439 :
1021 1370 1172 1468 intelligo

161 1509 275 1566 autem
290 1471 540 1574 cummunione.
557 1493 702 1566 ferentes
717 1491 946 1588 epicyclorum
961 1506 1093 1574 centra,
1108 1495 1170 1564 cir-

161 1641 239 1686 cum
259 1641 318 1691 sua
336 1619 491 1711 ipsorum
510 1629 626 1686 cerrtra
645 1619 776 1690 moveri
798 1617 835 1684 in
852 1617 1058 1686 contrariam
1083 1615 1171 1712 [uni

159 1737 276 1834 verm]
301 1752 449 1833 partem,
474 1751 509 1808 et
533 1737 718 1836 epicyeloe
743 1737 891 1810 ferentes
916 1741 1103 1810 errantium
1126 1763 1172 1809 as-

158 1875 292 1932 trorum
314 1883 476 1958 nemora,
494 1885 611 1932 rursus
632 1863 761 1932 circum
781 1887 841 1930 sua
863 1864 1015 1956 ipsorum
1038 1874 1169 1940 centra,

158 1980 316 2054 videlicet
327 1975 674 2070 utvffeoncentrieum
688 1985 820 2054 moveri
833 1985 963 2054 circum
977 1983 1010 2062 θ,
1023 1985 1172 2054 universi
1206 2006 1353 2119 ausiliiun

160 2127 199 2173 ac
212 2127 312 2174 suum
327 2106 430 2198 ipsius
442 2117 616 2184 centrum,
632 2108 819 2186 contrario,
840 2119 943 2201 atque
957 2108 1169 2187 universum,

160 2239 273 2306 motu,
294 2228 459 2298 serentem
477 2229 512 2296 in
530 2251 592 2298 suo
610 2229 713 2322 ipsius
732 2226 864 2298 ambitu
882 2257 905 2315 μ
923 2241 1079 2298 centrum
1105 2232 1172 2323 epi-

160 2347 246 2444 cycli
258 2343 346 2429 εζηκ,
358 2372 463 2444 quem
470 2351 505 2418 et
515 2351 642 2443 ipsum,
654 2347 841 2421 habentem
850 2351 1029 2420 erraticum
1044 2364 1172 2422 astrum

159 2472 196 2538 in
210 2483 338 2564 puncto
351 2497 381 2551 ε,
397 2495 513 2540 rursus
526 2467 606 2542 ferri
619 2473 708 2542 circa
722 2499 746 2559 μ
760 2467 931 2552 ¹centrum,
949 2470 1043 2566 quod
1057 2469 1099 2542 ad
1113 2471 1172 2544 So-

159 2592 230 2662 lem
245 2607 278 2664 et
294 2592 425 2664 Lunam
440 2607 584 2688 spectat,
602 2593 726 2664 eodem
742 2617 858 2666 versus
871 2619 941 2691 quo
954 2598 1169 2674 universum,

201 2893 266 2954 ”ln
301 2895 400 2958 dodica
435 2898 553 2979 signum
586 2899 662 2959 vocis
696 2903 826 2980 κέντρον.
857 2899 930 2960 Vide
964 2899 1108 2962 Tabulam
1135 2925 1170 2972 a,

161 3003 192 3056 n⁰
210 3020 219 3055 1
239 3019 265 3056 n.

194 3097 214 3126 ¹⁰
237 3099 270 3158 ln
284 3102 382 3163 codice
401 3103 508 3184 legitur
526 3108 578 3164 τὸν
597 3089 667 3172 νέξ.
688 3127 726 3177 mr
751 3104 917 3167 ἐπίκυκλον.
943 3107 1005 3170 Vox
1027 3111 1061 3170 ὸν
1075 3109 1170 3180 deest,

161 3224 227 3284 quae
240 3225 257 3262 a
270 3202 403 3274 librario,
421 3207 590 3276 arridetur,
606 3231 660 3291 pro
675 3208 779 3270 ultima
794 3209 904 3294 syllaba
920 3212 998 3274 vocis
1013 3213 1172 3274 ὲπίκυκλον

160 3304 260 3364 habita
274 3319 324 3366 est.

193 3408 212 3438 ¹¹
235 3409 268 3469 lu
282 3410 382 3471 codice
397 3417 447 3472 ἐπί
463 3439 468 3471 :
485 3414 565 3496 quod
581 3414 687 3476 fabum
701 3429 751 3476 est.

194 3510 215 3540 ¹²
237 3511 361 3672 Shignum
382 3517 458 3576 vocis
477 3521 599 3598 κέντρον
618 3530 695 3580 recte
715 3532 869 3582 exaratum.
887 3522 961 3583 Vide
978 3523 1122 3584 Tabulam
1138 3545 1168 3592 u.

161 3619 192 3672 n⁰
211 3637 221 3672 r
264 3660 270 3672 .

192 3714 212 3744 ¹³
234 3715 360 3800 Signum
374 3717 458 3780 Solis.

193 3817 213 3848 ¹⁴
235 3819 360 3903 Signum
375 3822 473 3883 Lunae.
491 3825 564 3886 Vide
578 3827 720 3892 Tabulam
735 3851 766 3898 n,
784 3839 814 3890 n⁰
835 3852 868 3892 12
887 3831 901 3890 h
917 3841 963 3889 ter.
