2970 4822
469 429 525 523 nn
548 460 843 524 nsrnononrn.
1105 462 1162 524 ns

153 581 222 662 sus,
234 611 313 677 quos
325 589 459 677 simplex
466 587 522 655 illa
533 599 674 676 posceret
684 599 789 655 motus
798 587 1006 674 inequalitas.
1012 587 1048 653 ld
1056 599 1164 654 autem

152 701 272 766 idcirco
289 701 359 767 lieri
376 701 595 775 crediderunt,
615 701 702 790 quod
719 701 867 768 maximae
883 711 915 766 et
931 700 1075 766 m'inimae
1086 699 1165 766 cele

152 815 253 880 ritatis
269 823 402 903 puncta‚'
420 815 454 880 id
472 827 518 880 est
534 815 660 903 perigea
677 826 709 879 et
726 835 858 902 apogea,
876 835 940 878 non
958 825 1090 886 starent,
1109 813 1165 880 sed

154 911 319 994 zodiacum
335 928 492 994 orientem
508 949 616 992 versus
630 925 775 991 celeriter
788 926 1020 1012 percurrentia,
1040 931 1167 990 inomni

151 1042 268 1126 puriter
285 1044 370 1127 sipno
387 1049 601 1127 spectarentur,
623 1051 658 1102 ut
679 1038 823 1124 loquitur
842 1049 960 1103 auctor.
978 1039 1041 1102 Nec
1057 1049 1162 1103 tamen

151 1150 238 1216 illius
251 1173 446 1239 apogeorum
462 1147 667 1215 revolutionis
683 1161 827 1236 tempora
844 1149 980 1214 definire
995 1150 1064 1214 ausi
1080 1163 1164 1216 sunt.

151 1263 266 1328 Melius
282 1275 353 1350 post
369 1285 421 1327 eos
432 1261 635 1333 Ptolemoeus,
651 1261 813 1350 duplicem
832 1283 899 1326 esse
912 1262 1166 1328 animadvertens

152 1375 300 1461 quinque
318 1373 483 1440 stellarum
502 1385 606 1438 motus
624 1374 889 1461 inaequalitatem,
910 1373 1052 1461 epicyclo
1069 1373 1163 1439 simul

152 1499 184 1550 et
200 1487 377 1551 excentrica
396 1509 471 1552 usus
488 1499 549 1558 est,
566 1486 710 1574 duasque
726 1487 769 1551 ita
786 1497 926 1551 statuens
942 1487 1165 1553 distantiarum

152 1623 170 1664 a
186 1599 285 1663 Terra
297 1599 504 1671 mutationes,
522 1621 662 1686 quarum
675 1619 754 1671 una,
771 1621 846 1663 cum
863 1599 1005 1688 eplcyclo
1021 1599 1163 1674 mobilis,

150 1711 280 1776 nullum
295 1711 453 1778 affectaret
469 1712 503 1775 in
522 1711 649 1777 zodiaco
666 1711 788 1782 locum,
803 1712 915 1784 altera,
929 1711 1106 1777 excentrico
1123 1711 1165 1776 ef·

149 1822 247 1896 fecta,
266 1824 534 1911 aequinoctiorum
556 1825 754 1912 praecessioni
774 1834 898 1890 tantum
915 1823 1050 1890 obnoxia
1068 1824 1162 1896 soret.

150 1937 314 2002 stellarum
336 1938 482 2025 quinque
504 1936 673 2002 excentrici
699 1959 815 2024 apogea
841 1957 905 2000 non
931 1937 1084 2009 celeriter,
1109 1938 1164 2003 sed

125 2050 128 2057 '
150 2071 216 2114 uno
235 2071 312 2114 cum
330 2050 427 2114 stellis
444 2049 661 2114 inerrantibus
681 2061 790 2114 tenore
807 2049 847 2114 ab
865 2049 1065 2136 aequinoctiis
1082 2072 1164 2114 rece-

150 2161 227 2224 dere
241 2161 385 2226 credidit.
399 2162 627 2226 Recentiorum
640 2161 774 2226 demum
791 2173 975 2248 temporum
992 2163 1163 2227 astronomi

151 2285 304 2360 praeterea
321 2272 451 2338 illarum
473 2274 619 2362 quinque
641 2273 806 2338 stellarum
829 2295 945 2360 apogea
967 2296 1039 2360 erga
1060 2273 1164 2338 stellas

150 2385 327 2450 inerrantes
342 2385 441 2473 ipsas,
459 2387 514 2451 sed
531 2387 726 2459 tardissime,
744 2388 864 2453 moveri
881 2387 1082 2452 invenerunt.

197 2496 313 2584 Rapidi
330 2520 403 2585 ergo
419 2497 519 2570 illius,
536 2521 635 2585 quem
648 2521 715 2563 esse
727 2498 844 2571 credit,
861 2519 925 2563 non
939 2499 1036 2564 modo
1048 2499 1163 2570 Lunae,

150 2609 206 2675 sed
227 2621 258 2674 et
282 2611 459 2675 errantium
482 2611 627 2698 quinque
649 2611 814 2675 stellarum
840 2633 1033 2698 apogeorum
1059 2623 1164 2676 motus

149 2724 306 2790 rationem
318 2725 352 2788 in
366 2723 535 2788 excentrici
548 2723 645 2788 etiam
658 2723 768 2787 circuli
784 2723 952 2810 hypothesi
966 2724 1056 2788 reddi
1073 2747 1163 2810 posse

149 2837 262 2902 Theon
285 2836 469 2926 Smyrnaeus
486 2837 542 2909 ait,
561 2837 586 2900 si
604 2836 700 2902 modo
716 2835 905 2900 intellexerit
924 2835 1039 2922 aliquis
1054 2858 1161 2900 excen·

150 2949 266 3014 trinum
283 2949 440 3014 circulum
458 2948 650 3013 concentrici
669 2947 803 3034 alicujus
818 2947 939 3011 circum
957 2947 1072 3012 mundi
1088 2969 1159 3011 cen·

151 3073 237 3124 trum
261 3063 457 3128 revolutione
484 3063 524 3126 ab
552 3061 715 3126 occidente
741 3062 774 3124 in
798 3061 954 3126 orientem
977 3061 1052 3126 ferri
1078 3062 1161 3125 intra

152 3170 281 3257 aliquod
305 3185 446 3261 tempus,
469 3175 556 3260 quod
582 3175 681 3237 Lunae
702 3183 733 3238 et
753 3174 903 3238 omnihus
924 3173 1069 3261 quinque
1096 3195 1160 3238 nun

152 3283 238 3346 idern
256 3285 310 3357 sit,
329 3297 360 3349 et
376 3287 472 3350 simul
486 3282 700 3351 excentricum
716 3287 822 3372 ipsum
835 3287 919 3350 intra
933 3285 1022 3350 aliud
1034 3294 1161 3373 tempus

152 3395 274 3459 circum
290 3419 385 3462 suurn
401 3398 500 3484 ipsius
519 3409 665 3462 centrum
683 3398 810 3464 revolvi.
824 3397 929 3464 Simili
947 3397 1081 3463 artificio
1092 3399 1161 3463 Pto·

152 3509 282 3574 lemaeus
297 3511 448 3597 explicuit
465 3513 574 3600 apogei
591 3523 730 3580 motum.
745 3535 843 3599 quem
856 3512 889 3575 in
904 3511 1001 3576 stellis
1015 3511 1161 3600 quinque
1235 3491 1239 3500 ⁵

152 3621 331 3686 errantibus
351 3623 453 3688 multo
469 3647 567 3712 quarn
588 3625 621 3690 in
645 3627 736 3690 Luna
758 3624 929 3693 tardiorem
951 3635 982 3714 et
1003 3624 1160 3710 aequinoc-

151 3734 269 3800 tiorum
290 3736 488 3822 praeoessioni
510 3760 640 3825 aequum
662 3736 750 3808 fecit,
769 3737 802 3800 in
819 3724 891 3802 Sole
909 3759 983 3801 vero
1001 3736 1158 3800 nullnml.

191 3867 197 3894 ¹
219 3861 284 3916 Vide
298 3863 378 3935 hujus
393 3861 456 3916 Dies.
471 3875 536 3937 part.
551 3865 588 3926 ll,
603 3885 623 3918 c.
639 3883 674 3926 rr,
688 3863 700 3916 S
716 3866 748 3917 13
763 3876 787 3918 et
800 3865 841 3918 ll.

982 3977 1007 4030 8.
