2964 4824
480 433 535 496 DE
558 435 854 498 ASTRONOMIA.
1111 437 1170 500 tot

164 558 365 640 latitudinis,
382 574 457 630 tum
472 560 656 632 altitudinis
672 564 791 656 atejus
805 585 881 655 quae
897 562 945 630 sic
957 559 1082 632 dicitur
1096 563 1174 630 inae-

165 681 333 778 qualitatis
343 736 351 761 ,
363 680 448 754 adeo
458 683 604 754 invicem
616 684 768 778 proxima
777 696 870 762 sunt,
881 696 920 752 ut
927 680 1175 752 mathematicis

165 803 335 900 plerisque
353 829 450 899 aequa
467 803 657 883 videantur,
675 801 811 874 dierum
828 801 990 898 quodque
1010 801 1082 874 365
1108 803 1174 897 ild.

164 923 232 996 Sed
256 923 449 1022 diligentius
471 923 765 996 considerantibus
790 923 925 994 videtur
951 925 1174 995 restitutionis

164 1044 357 1117 secundum
374 1045 625 1141 longitudinem
644 1060 795 1141 tempus,
815 1045 902 1116 intua
925 1043 1018 1140 quod
1041 1045 1099 1116 Sol
1121 1067 1174 1117 zo·

166 1167 303 1238 diacum
318 1166 361 1238 ab
374 1191 446 1238 uno
460 1181 589 1263 puncto
602 1166 644 1237 ad
656 1165 750 1238 idem
764 1167 1127 1262 punctumpemunit,
1141 1181 1176 1238 et

166 1288 208 1360 ab
225 1313 297 1360 uno
314 1290 456 1362 solstitio
474 1288 517 1360 ad
532 1288 625 1360 idem
642 1290 839 1370 solstitium,
856 1303 914 1360 aut
927 1288 971 1360 ab
988 1311 1059 1360 uno
1073 1289 1176 1385 aeqoi·

166 1415 283 1483 noetio
300 1411 343 1482 ad
366 1410 460 1482 idem
481 1413 723 1507 aequinoctium
744 1409 846 1492 redit,
861 1415 936 1509 jam
955 1409 1085 1483 dietum
1105 1409 1176 1482 lere

167 1558 238 1604 esse
252 1548 405 1630 tempus,
425 1547 459 1604 et
476 1535 524 1604 sic
542 1559 624 1604 eum
640 1547 719 1630 post
735 1547 883 1630 quatuor
900 1557 1009 1604 annos
1024 1533 1067 1604 ad
1081 1533 1176 1605 idem

165 1655 385 1750 longitudinis
402 1669 571 1750 punctum
586 1655 708 1728 eadem
726 1655 795 1728 diei
812 1657 896 1729 hora
913 1659 1063 1738 restitui3
1084 1660 1177 1728 resti-

165 1778 306 1848 tutionis
316 1793 432 1849 autem
444 1777 635 1849 secundum
645 1779 911 1874 inaequalitatem
924 1791 1076 1874 tempus,
1086 1781 1175 1850 intra

164 1898 259 1995 quod
277 1900 402 1972 iterum
420 1899 460 1970 tit
481 1899 626 1971 aTerra
648 1889 908 1972 distanu'ssimus
926 1914 961 1970 et
974 1899 1062 1972 'ideo
1082 1923 1174 1996 mag·

165 2020 328 2092 nitudinis
341 2025 452 2118 specie
468 2023 633 2093 minimus
647 2022 903 2118 lautissimeque
920 2019 1052 2094 delatus
1060 2021 1110 2096 ,ad
1127 2045 1176 2093 se·

165 2144 305 2238 quentia
331 2145 440 2240 signa,
466 2159 525 2214 aut
550 2169 679 2226 aursus¹
693 2143 808 2214 Ternae
836 2143 1011 2238 proximus
1039 2156 1075 2213 et
1097 2141 1175 2213 ideo

166 2266 333 2338 maximus
350 2268 461 2361 ‘speeie
476 2290 515 2336 ao
530 2279 628 2336 motu
641 2265 852 2347 celerrimus,
868 2263 1002 2335 dierum
1018 2289 1090 2334 esse
1106 2261 1176 2335 sere

168 2383 241 2456 365
268 2387 336 2482 ila,
358 2401 391 2458 et
411 2388 555 2458 siceum
578 2400 657 2480 post
677 2385 858 2457 biennium
879 2409 995 2456 rursus
1018 2385 1061 2458 ad
1083 2385 1176 2456 idem

166 2628 268 2686 iterata
283 2625 462 2695 redundare,
479 2626 553 2688 nihil
567 2626 681 2694 deniae,
696 2636 726 2686 et
740 2625 804 2686 voci
819 2629 1080 2702 ἐπισκοπουμένοις
1094 2609 1178 2708 voees

165 2732 217 2789 τὸν
229 2733 341 2807 μὲντοῦ
352 2735 474 2809 famous,
484 2734 516 2790 to
524 2730 614 2811 ᾤκτ.
626 2728 654 2788 λ.
664 2749 726 2789 esse
734 2715 955 2788 ¹continuandas.
966 2727 1010 2787 Ex
1018 2725 1074 2786 hoe
1084 2727 1176 2809 eapite

165 2832 252 2895 breve
266 2846 295 2896 et
308 2834 420 2896 nullius
434 2834 576 2896 momenti
591 2843 758 2914 excerptum
775 2829 942 2894 Chalcidius
956 2829 1081 2890 latinum
1096 2829 1171 2890 fecit.
1210 2853 1215 2860 ·

208 2935 219 2964 ⁶
241 2936 275 2996 ln
290 2937 389 2998 codiee
403 2939 446 2998 τό.

210 3036 219 3064 ⁷
242 3037 276 3097 ln
290 3038 389 3100 codiee
404 3037 535 3100 tientes.

211 3137 220 3166 ⁸
242 3139 276 3199 ln
290 3141 389 3204 oodioe
403 3146 579 3225 ἀποτροπῆς.

211 3239 221 3270 ⁸
243 3239 317 3304 Ante
330 3246 451 3326 χρόνον,
467 3246 498 3305 in
518 3245 618 3306 codiee
636 3245 743 3328 legitur
757 3244 879 3313 κύκλον,
901 3265 989 3306 sensu
1009 3244 1100 3304 nullo.
1118 3243 1178 3305 Vox

168 3365 202 3405 ea
216 3343 307 3405 deleri
321 3345 421 3415 debet,
444 3349 501 3408 nisi
519 3348 592 3410 forte
611 3347 770 3432 legendum
789 3346 898 3408 κύκλον
917 3350 1040 3430 χρόνον,
1055 3357 1106 3406 aut
1125 3366 1179 3429 pro

168 3446 277 3507 κύκλον
301 3445 459 3530 legendum
481 3449 589 3519 δοκεῖν,
615 3451 710 3534 quod,
734 3451 771 3512 ab
794 3452 869 3512 aloia
897 3445 1042 3534 pendens.
1071 3449 1177 3510 subau-

168 3549 257 3610 ditur.

202 3651 222 3683 ¹⁰
244 3653 278 3713 In
293 3653 392 3714 codice
406 3659 459 3726 τὴν
473 3662 585 3718 ἑαυτοῦ.
601 3655 659 3719 Sed
675 3657 763 3740 paulo
778 3658 868 3728 infra,
885 3657 973 3718 simili
988 3655 1025 3717 de
1040 3677 1087 3722 re.
1104 3665 1180 3715 recte

166 3757 281 3839 legetur
295 3761 392 3828 αὐτήν.
409 3757 482 3819 Vide
497 3760 600 3822 Notum
614 3779 657 3820 nu.

129 3917 135 3937 Ι
203 3857 221 3888 ¹¹
245 3861 278 3920 ln
294 3858 393 3920 codice
408 3858 448 3921 tt.
464 3861 596 3923 Similem
611 3883 740 3924 emonem
755 3862 842 3945 paulo
863 3883 950 3943 supra
964 3863 1027 3942 jam
1043 3857 1178 3920 vidimus.
