2964 4824
483 427 539 488 DE
561 424 856 488 AS'l'ltONOldlA.
1113 427 1173 492 tat

167 554 281 624 veniat
292 565 466 648 oportere,
482 576 640 648 quaeuam
655 553 690 622 in
703 553 863 624 universo
876 556 1048 648 quiescere
1062 556 1105 624 sit
1119 579 1175 624 ne·

168 697 274 754 cesse,
288 687 322 744 et
329 698 488 769 quaenam
499 671 743 746 moveri.'Dicit
752 687 866 744 autem
882 673 1092 744 censendum
1104 699 1174 746 esse

168 793 310 868 Terram
332 799 519 892 quiescere,
539 795 662 866 domus
685 794 829 866 deorum
848 791 963 866 iocum
987 795 1176 867 secundum

133 925 136 934 “
169 915 360 987 Platonem:
376 919 620 988 erraticaenim
635 931 722 986 astra
733 941 810 986 cum
820 919 978 987 universo
992 919 1061 1012 ipsa
1072 918 1177 988 invol-

169 1051 268 1108 vente
278 1039 365 1108 coelo
374 1041 589 1120 moveri3eos
598 1040 847 1132 veroquistare
858 1037 1041 1109 voluerunt
1052 1063 1177 1133 eaquae
1229 1127 1234 1144 .

170 1173 361 1240 moventur,
377 1163 483 1256 etqui
495 1172 614 1229 natura
626 1162 760 1254 situque
775 1157 964 1230 immobilia
978 1175 1175 1240 moverunt,

168 1293 288 1375 utpote
300 1280 513 1353 divinationis
529 1283 694 1376 principia
709 1277 959 1362 subvertentes,
975 1295 1175 1352 exsecratur.

222 1401 332 1498 Atque
350 1404 386 1472 in
404 1403 456 1474 his
479 1405 580 1473 etiam
603 1401 684 1472 dicit
707 1415 792 1472 astra
818 1403 962 1472 errantia
986 1405 1114 1474 moveri
1142 1405 1175 1472 in

169 1524 433 1620 longitudinem,
453 1523 666 1594 altitudinem
686 1537 718 1594 et
742 1521 956 1594 latitudinem
977 1522 1175 1603 ordinatim,

169 1644 380 1740 aequabiliter
390 1660 424 1715 et
432 1671 494 1740 per
501 1645 658 1750 circulos,
671 1647 718 1716 sic
727 1669 798 1714 esse
806 1643 949 1724 ducens,
961 1647 1089 1714 etiamsi
1099 1669 1178 1714 ave·

169 1769 267 1838 ritate
283 1770 371 1837 circa
388 1767 444 1837 illa
462 1765 618 1838 aberrare
635 1791 823 1862 possumus.
843 1763 1061 1860 Quapropter
1077 1779 1179 1836 astro

168 1911 248 1958 rum
258 1891 383 1982 primas
396 1891 606 1984 apparentiae
619 1903 652 1958 et
664 1889 883 1959 simultaneos
893 1903 987 1958 ortus
1003 1913 1020 1956 e
1033 1902 1129 1958 motu
1142 1891 1176 1956 in

169 2008 416 2102 longitudinem
435 2009 585 2104 pendere
604 2009 727 2093 credit;
750 2024 851 2104 atque
871 2009 912 2078 ab
931 2008 1178 2103 antiquioribus

171 2129 306 2200 traditas
317 2129 457 2200 faciliori
472 2145 505 2200 et
518 2133 686 2202 incuriose
699 2155 802 2226 opera
817 2155 930 2200 causas
943 2134 1029 2226 ejus,
1044 2154 1120 2224 quaa
1132 2132 1178 2200 sic

142 2234 303 2332 dicitur,
330 2277 419 2346 pone
444 2254 627 2324 relictionis
652 2256 770 2349 rejicit.
798 2253 943 2324 Rectum
969 2265 1018 2321 est
1045 2265 1175 2332 autem,

170 2377 294 2470 inquit,
312 2373 346 2444 id
360 2399 465 2446 omne
479 2374 657 2470 fugientes,
675 2375 768 2470 quod
784 2378 819 2444 in
834 2375 890 2444 tali
904 2388 1000 2444 motu
1015 2399 1033 2442 a
1048 2377 1179 2444 ratione

171 2511 205 2565 et
222 2495 342 2566 ordine
360 2497 509 2566 alienum
528 2512 592 2577 est,
613 2519 751 2566 censere
769 2509 867 2566 motu
885 2498 1047 2565 inerranti
1071 2499 1179 2566 motui

170 2621 341 2688 contrario
359 2631 445 2688 astra
462 2619 601 2689 erratica
616 2617 695 2688 leni
710 2617 852 2696 tardius,
870 2619 915 2686 ita
930 2631 968 2686 ut
984 2630 1118 2688 motum
1133 2619 1181 2684 in-

170 2740 329 2808 teriorem
341 2741 607 2809 exteriorsecum
618 2739 881 2809 convertatNec
892 2740 1057 2808 existimat
1067 2752 1180 2808 motus

170 2862 301 2928 erratici
318 2885 432 2930 causas
446 2859 620 2930 habendes
638 2885 708 2929 esse
727 2862 849 2952 spiras,
870 2873 1031 2955 tanquam
1050 2873 1179 2928 antece—

169 2979 302 3060 dentes,
323 3007 435 3076 neque
452 2981 556 3050 lineas
574 2985 652 3077 equi
670 2984 807 3050 sinuoso
827 2984 938 3050 cursui
960 2982 1101 3063 similes3
1120 2981 1179 3051 bas

171 3103 263 3170 enim
284 3128 339 3195 per
365 3101 506 3172 occidens
532 3100 605 3171 fieri
631 3134 637 3170 ι
668 3105 815 3196 primam
839 3115 953 3172 autem
981 3100 1180 3172 anteceden-

170 3236 240 3292 tem
263 3227 393 3293 erratici
412 3238 525 3295 motus
545 3238 578 3294 et
595 3227 691 3318 spirae
713 3249 847 3294 causam
873 3249 942 3294 esse
964 3237 1098 3293 motum
1121 3228 1179 3318 qui

170 3367 231 3437 per
248 3344 429 3439 obliquum
448 3345 623 3417 zodiacum
642 3347 807 3416 circulum
825 3350 1005 3440 peragitur.
1027 3345 1182 3416 Adventi-

203 3534 223 3563 ¹⁰
245 3537 279 3596 ln
293 3537 392 3598 codice
408 3537 531 3618 dulacy.

203 3638 221 3668 ¹¹
245 3640 279 3700 ln
294 3641 393 3702 codice
406 3649 633 3726 uspiayspdmts.

204 3740 223 3770 ¹¹
244 3741 278 3802 ln
294 3743 392 3804 codice
406 3748 509 3816 ἱππικὴ
522 3767 594 3827 crepa
608 3745 749 3818 ulnulas.
767 3746 840 3807 Vide
854 3747 957 3806 Notum
972 3765 1019 3817 ορ.

204 3843 223 3872 ¹³
246 3843 319 3902 Vide
335 3846 437 3904 Notum
452 3869 478 3906 x.
