3016 4826
505 413 560 473 DE
584 409 878 474 Astttottotttt.
1137 415 1197 474 383

186 537 277 598 latera
293 547 439 598 transeant
454 555 505 618 per
520 561 538 608 η
552 549 581 597 et
596 539 614 595 θ
627 547 725 596 centra
738 537 892 598 sacena-ici
907 545 935 595 et
949 537 1139 604 concentn‘ci,
1156 548 1198 596 ast

186 641 314 724 angulus
329 661 389 725 quo
403 639 500 700 diiiert
516 639 595 700 locus
611 641 681 699 astri
700 659 716 700 c
731 640 819 701 Terre
834 641 1008 720 tappetem
1028 661 1043 698 a
1065 637 1129 699 ioco
1147 641 1200 722 qui

184 757 299 806 emotu
315 745 425 805 circum
440 744 560 804 Terram
576 747 594 803 θ
608 743 742 825 equabili
756 740 990 804 concluderetur.
1006 741 1094 826 Atqui
1110 746 1199 804 varie-

185 847 276 910 bilem
294 844 374 908 hunc
389 845 533 929 anguium
548 848 578 906 in
595 847 712 929 punctis
725 851 750 922 φ
763 857 793 906 et
806 865 829 904 a
844 845 1005 904 maximum
1025 863 1087 906 asse
1106 843 1198 906 Ptole-

184 972 277 1012 maeus
288 951 399 1033 optime
411 946 601 1011 demonstrat.
614 947 693 1032 Ergo
704 948 765 1009 hcc
777 943 953 1016 differentia,
966 965 1032 1031 que
1045 948 1076 1010 in
1089 965 1199 1032 apogec

186 1066 245 1114 eet
261 1055 290 1113 in
306 1055 424 1137 perigeo
439 1075 454 1111 υ
471 1045 553 1114 uuila
568 1063 624 1120 est,
640 1049 774 1112 addenda
793 1050 897 1110 crescit
917 1049 954 1110 ab
973 1069 989 1109 a
1010 1051 1040 1110 iu
1060 1071 1084 1109 tu
1103 1063 1131 1110 et
1148 1051 1198 1110 de-

186 1157 290 1216 crescit
301 1154 339 1215 ab
349 1175 374 1213 as
388 1153 419 1213 in
435 1175 464 1222 a,
478 1165 544 1236 post
558 1173 573 1213 a
588 1153 621 1213 iit
635 1151 816 1214 detrahenda
831 1153 990 1235 crescitque
1005 1151 1043 1211 ab
1056 1173 1072 1212 e
1087 1153 1118 1212 in
1132 1159 1157 1230 φ
1171 1167 1199 1214 et

186 1257 327 1319 decrescit
341 1279 357 1316 a
372 1263 397 1333 φ
411 1257 442 1316 in
457 1279 484 1316 υ.
502 1255 592 1316 Medii
606 1273 675 1318 vero
691 1267 801 1324 motos,
816 1255 868 1337 qui
884 1256 914 1314 in
929 1261 954 1332 φ
968 1266 998 1316 et
1015 1277 1039 1315 ω
1058 1253 1134 1318 fiunt
1153 1277 1200 1340 eo

186 1374 348 1443 parentque
368 1361 398 1420 in
418 1360 482 1419 det
502 1358 531 1428 ὃ,
553 1379 612 1420 non
634 1370 801 1440 congruunt
822 1377 891 1418 cum
914 1357 1020 1419 mediis
1041 1359 1199 1430 distantiis,

186 1485 251 1546 quae
270 1463 345 1523 stunt
365 1463 395 1522 in
411 1461 430 1520 λ
445 1474 475 1522 et
490 1460 722 1545 &apparentque
742 1463 772 1521 in
792 1483 809 1520 v
829 1474 857 1521 et
876 1483 900 1521 tr
916 1487 921 1519 :
937 1463 1022 1546 cujus
1042 1463 1084 1523 rei
1104 1483 1137 1524 ea
1156 1476 1201 1524 est

186 1586 285 1634 causa,
301 1565 379 1648 quod
396 1576 494 1625 motus
514 1565 665 1626 aestimatio
684 1586 736 1646 per
756 1566 862 1626 visionis
880 1565 993 1649 caqalos
1011 1587 1072 1628 non
1092 1567 1200 1652 pendet

185 1690 200 1727 a
216 1667 353 1728 distantia
367 1679 494 1736 tantum,
511 1667 663 1728 sedetiam
679 1669 715 1730 eh
731 1666 840 1750 angulo
854 1667 938 1730 lineae
953 1667 991 1730 ab
1005 1669 1090 1731 oculo
1102 1669 1139 1730 ad
1154 1691 1198 1732 as-

183 1783 262 1830 trum
283 1769 376 1830 ductae
396 1781 425 1829 et
443 1769 528 1830 liaeae
547 1768 625 1830 illius
644 1769 789 1832 circulum
809 1773 955 1854 tangentis
977 1793 1067 1856 qoam
1089 1785 1199 1836 astrum

183 1875 213 1933 in
229 1894 407 1956 unoquoque
417 1883 568 1934 momento
578 1875 718 1956 sequitur.
731 1873 815 1934 Falso
826 1895 896 1956 ergo
908 1875 1047 1936 Adrastus
1059 1887 1088 1936 et
1096 1876 1197 1939 Theon

184 1975 350 2058 Smyrnaeus
364 1975 475 2036 medias
490 1976 645 2036 distantias
659 1993 727 2038 cum
747 1975 853 2036 mediis
873 1977 1081 2059 apparentibus
1101 1977 1198 2039 celeri-

182 2079 292 2138 tatibus
310 2080 340 2137 in
360 2078 464 2138 iisdem
479 2078 587 2140 zodiaci
603 2081 721 2162 punctis
735 2091 839 2162 quarta
853 2079 955 2140 circuli
974 2091 1054 2163 parte
1074 2080 1111 2140 ob
1131 2098 1198 2164 opo-

184 2201 238 2263 geo
251 2181 428 2242 distantibus
440 2199 578 2264 appatere
594 2181 792 2242 crediderunt.
808 2181 940 2242 Similsm
954 2201 1084 2244 errorem
1097 2185 1198 2245 imme-

184 2284 241 2342 rito
255 2285 286 2342 in
303 2283 448 2343 Ptolomaei
465 2283 687 2364 competitionem
703 2283 937 2344 matlematicam¹
955 2286 1054 2369 inepto
1069 2287 1199 2348 torsione

185 2388 304 2446 intrusit
318 2385 436 2454 Halma.
453 2387 557 2468 saepius
572 2385 610 2446 de
625 2397 743 2446 auctore
761 2403 815 2446 suo
833 2383 909 2448 male
929 2389 1060 2449 maritus.
1083 2387 1197 2450 Etenim

184 2509 269 2549 voces
285 2493 379 2566 μέσην
390 2487 536 2570 πάροδον,
548 2511 614 2573 quie
625 2487 741 2549 medium
755 2501 869 2557 motum,
886 2489 916 2552 id
932 2502 976 2550 est
989 2490 1102 2552 madiam
1114 2513 1197 2574 appa-

184 2603 284 2650 mntem
305 2591 482 2658 celeritatem,
503 2591 647 2659 indicant.
669 2589 771 2673 gallice
791 2593 875 2652 vertit
894 2589 1022 2654 distances
1045 2617 1197 2676 merentem

183 2695 233 2754 sed
249 2705 357 2754 vertere
373 2694 524 2776 oportebat
541 2715 668 2776 mayenne
683 2695 775 2754 viletta
792 2695 944 2778 anqalaim.

613 2849 684 2909 Nori
704 2853 767 2910 tttt.

458 2966 496 3018 Ad
512 2983 534 3018 c.
550 2983 648 3026 xxxin.
664 2967 708 3020 iol.
726 2987 757 3020 ra
773 2968 804 3028 l,
817 2987 841 3040 p.
860 2971 920 3038 ²98.

233 3155 322 3167 .....
322 3127 328 3134 ·
339 3157 343 3167 .
360 3157 365 3168 .
378 3103 495 3187 καρδίαν
507 3109 694 3186 ἀεικίνητον).
702 3106 797 3166 -Sic
809 3107 910 3189 procui
922 3105 1014 3166 dubio
1025 3107 1196 3195 legendum·

184 3227 236 3292 pro
248 3209 354 3269 codicis
366 3209 491 3270 lectione
502 3213 645 3282 ἀκίνητον.
660 3207 726 3270 Mox
736 3209 814 3269 enim
826 3210 888 3293 ipsc
898 3209 969 3269 dicit
979 3221 1088 3279 auctor,
1098 3228 1196 3293 quem·

183 3313 343 3373 admodum
357 3315 388 3372 in
404 3330 526 3393 corpore
541 3312 673 3373 humano
688 3333 738 3373 cur
752 3312 853 3372 caloris
870 3325 898 3374 et
911 3311 974 3372 vitm
986 3325 1121 3374 centrum
1137 3329 1195 3380 est,

183 3413 343 3476 umbilicus
357 3435 426 3474 voro
438 3415 663 3497 magnitudinis,
678 3417 715 3475 ita
733 3417 761 3474 in
778 3415 891 3475 mundo
904 3415 1002 3476 Solem
1018 3435 1081 3474 esse
1094 3417 1197 3474 animae

181 3517 341 3601 calorisque
357 3519 483 3588 iontem,
496 3517 615 3580 Terram
630 3531 742 3587 nutem,
749 3519 885 3602 friyt'tlam
901 3531 926 3578 et
939 3518 1116 3585 immobilem,
1133 3538 1196 3578 cen-

182 3633 261 3682 trum
276 3640 339 3682 este
355 3623 575 3702 magnitudinis.
589 3619 730 3683 Similiter
743 3620 909 3682 Chalcidico
922 3621 940 3690 ⁹,
954 3625 1013 3680 site
1029 3643 1061 3680 ex
1075 3622 1196 3682 Adrasto

117 3816 120 3820 ,
216 3759 221 3785 ¹
241 3761 267 3806 L.
281 3777 299 3806 c.
314 3777 339 3824 p.
358 3757 444 3822 176,l.
458 3763 507 3822 8·9.

218 3843 227 3868 ²
244 3841 293 3890 Fot.
307 3843 335 3890 32
349 3861 363 3889 u
376 3843 487 3898 decentii,
502 3862 525 3908 p.
543 3861 584 3906 ¹9²
601 3845 700 3891 Meursii.
