3016 4826
322 425 383 487 sot
585 416 736 516 *NOTAE
760 421 802 480 IN
828 421 1046 480 ΤΗΕΟΝΕΜ

321 559 419 606 tamen
444 545 567 604 obscura
591 553 641 603 aut
662 561 767 625 parum
789 543 865 606 iuter
889 563 919 603 se
941 539 1112 602 coherentia
1139 538 1330 624 reliquerunt.

320 649 412 710 Valde
424 645 666 729 ergodolendum
679 659 722 706 est
737 667 796 706 non
812 642 922 706 exstare
932 667 1011 708 nunc
1022 643 1151 706 Theonis
1163 645 1208 706 vel
1217 645 1332 706 Adrasti

320 752 358 811 de
371 750 433 810 hoe·
446 749 576 810 Platonis
594 748 760 831 Reipublicae
778 750 845 810 looo·
861 749 1105 810 commentarium
1116 747 1135 808 ¹.
1156 749 1191 808 in
1209 749 1245 808 iis
1263 769 1333 808 vero

320 875 386 938 quar
398 853 477 936 apud
491 849 641 913 Thoonem
653 849 778 934 legimus
787 849 806 921 ¹,
820 853 926 912 merito
938 850 1103 913 declaratur
1116 851 1217 912 lumen
1231 864 1334 912 matum

320 957 464 1017 columna
478 951 587 1022 simile,
602 973 655 1037 per
665 965 760 1016 totum
775 954 884 1015 ooelum
897 967 926 1014 et
943 955 1056 1015 Tenum
1069 955 1279 1037 pertransiens,
1295 953 1334 1014 de

321 1079 380 1140 quo
401 1059 483 1118 Plato
504 1059 649 1140 loquitur,
667 1077 730 1118 esse
751 1077 811 1118 non
833 1077 917 1140 posse
938 1057 1024 1118 Viam
1045 1059 1199 1127 Lacteani,
1215 1057 1253 1118 de
1274 1076 1334 1140 quo

320 1147 604 1223 sctnaiermaeherus
612 1160 654 1222 ibi
663 1161 811 1242 cogitavit,
824 1171 953 1242 atquem
966 1161 1063 1244 potius
1075 1181 1214 1243 agnoscas
1225 1160 1258 1218 in
1272 1160 1334 1218 vin·

320 1264 394 1325 culis
408 1264 480 1334 illis.
492 1264 600 1345 quibus
611 1263 684 1326 ooelo
694 1273 911 1324 connectuntur
921 1274 1057 1324 extremas
1067 1274 1161 1346 partes
1174 1263 1332 1330 columnus,

320 1387 386 1449 quae
412 1366 477 1428 coeli
504 1377 534 1426 ct
551 1363 622 1448 ¹ipsa
646 1365 797 1426 vinculum
828 1386 890 1430 csse
915 1366 1031 1437 dicitur,
1061 1365 1141 1428 velut
1166 1378 1334 1426 transvorso

320 1479 514 1530 transtrorum
528 1468 622 1530 trabes
638 1469 776 1552 utrinque
789 1469 939 1530 discedere
952 1470 1117 1532 triremium
1131 1467 1222 1528 latera
1237 1467 1334 1550 prohi-

321 1573 400 1632 bent.
415 1571 475 1634 Sed
489 1583 590 1632 auctor
605 1571 728 1632 credidit
741 1572 910 1633 columnam
924 1575 1020 1656 ipsam
1034 1593 1097 1633 esse
1117 1587 1200 1632 acon
1219 1574 1266 1652 qui
1285 1590 1334 1652 po·

323 1676 379 1734 lum
392 1675 551 1756 pertransit,
568 1685 597 1734 et
613 1674 698 1742 aliam
712 1675 831 1757 essafirsr'
843 1675 949 1759 cir9am
959 1674 979 1743 ³,
996 1696 1085 1756 quam
1100 1673 1225 1756 ecliptici
1241 1685 1271 1733 et
1291 1695 1335 1732 er-

321 1779 449 1838 rantium
470 1789 612 1838 astrorum
634 1788 732 1837 motus
752 1797 834 1838 mom
851 1799 925 1839 osso
938 1775 1119 1838 affirmavist
1140 1777 1251 1837 Verum
1273 1773 1335 1834 hae

321 1880 379 1940 fusi
397 1881 491 1964 virga,
508 1876 582 1940 sicut
596 1901 612 1940 e
627 1878 774 1940 Platonis⁵
795 1880 889 1940 verbis
908 1879 1013 1962 liquet,
1030 1890 1074 1940 est
1092 1879 1259 1960 ipsissimus·
1275 1877 1335 1936 axis
1357 1940 1360 1950 ,

320 1983 528 2066 aequinoctialis
548 1981 651 2043 circuli
665 1994 694 2044 et
709 1981 903 2042 inerrantium
923 1993 1067 2044 astrorum
1088 1979 1218 2064 sphera,
1239 1981 1335 2063 quoti·

321 2085 410 2147 diano
428 2099 512 2146 motu
532 2062 640 2146 coelum
660 2096 753 2145 totum
775 2087 888 2144 circum
907 2083 1028 2144 Terram
1050 2082 1231 2144 revolventis.
1253 2082 1336 2142 Plato

322 2191 402 2250 enim
416 2189 488 2249 dicit
501 2189 682 2250 Necessitatis
697 2188 762 2248 tirso
777 2186 898 2248 etillius
913 2188 994 2270 virga
1009 2185 1083 2246 effici
1098 2186 1259 2246 coelcstium
1274 2205 1336 2246 cor·

323 2313 428 2375 porum
443 2311 561 2359 omnes,
574 2312 671 2372 neque
683 2311 752 2373 ergo
766 2292 928 2351 errantium
940 2300 1068 2358 tantum,
1082 2289 1221 2350 circuitus
1236 2287 1288 2368 (δι’
1301 2289 1336 2348 οὗ

321 2399 422 2455 πιάσας
432 2395 660 2478 ἑιιιῶρέφεσθαι
671 2376 723 2454 adr
733 2393 930 2476 ‘repromittam
944 2404 976 2452 et
983 2391 1097 2460 susum.
1109 2393 1162 2474 qui
1174 2404 1216 2452 est
1227 2389 1336 2451 ooelum

322 2499 436 2579 ipsum,
456 2497 533 2558 volvi
550 2517 609 2558 unc
624 2497 787 2578 eodemque
802 2507 885 2556 motu
902 2493 1137 2576 (sartacteta
1156 2493 1192 2566 δὴ
1208 2497 1336 2578 stretto-

324 2622 412 2679 μενον
425 2603 477 2658 τὸν
491 2601 633 2682 ἄτρακτον
647 2598 719 2658 ὅλον
734 2603 788 2677 μὲν
801 2603 855 2669 τὴν
870 2603 959 2670 αὐτὴν
972 2599 1096 2682 φοράν),
1113 2598 1222 2660 scillcet
1236 2617 1337 2658 secun-

322 2702 396 2762 dum
409 2719 506 2772 axem‚
523 2703 575 2784 qui
589 2713 632 2763 cst
645 2701 738 2785 ipsius
749 2700 807 2761 tusi
819 2702 913 2784 rirga;
927 2713 1015 2784 atque
1025 2703 1106 2764 intus
1118 2701 1293 2762 contrariam
1304 2701 1337 2760 in

323 2817 436 2888 partem
454 2803 631 2868 tardioribus
652 2802 798 2888 verumne
817 2805 946 2866 motibus
967 2805 1043 2866 volvi
1065 2805 1189 2866 circulos
1212 2815 1336 2888 septam,

323 2909 483 2970 errantium
499 2909 610 2970 scilicet
624 2920 770 2969 astrorum
788 2911 837 2990 (iv
851 2907 883 2970 δὲ
896 2917 938 2992 τῷ
953 2907 1014 2992 tias
1027 2913 1257 2992 περιφερομένῳ
1268 2912 1338 2968 rota

323 3017 405 3072 ἐντὸς
424 3013 497 3072 sats
516 3011 709 3082 adularentur
723 3015 853 3072 evento
866 3020 908 3094 τῷ
922 3011 983 3094 ὅλῳ
1001 3015 1096 3094 ἠρέμα
1114 3012 1335 3094 περιάγεσθαι).

366 3119 467 3178 Potius
480 3137 550 3198 ergo
560 3117 697 3200 equidem
710 3116 902 3176 intellexerim
918 3115 1086 3176 columnam
1097 3115 1178 3175 illam
1190 3135 1337 3174 essecom-

324 3220 497 3280 menticium
512 3219 670 3302 quemdam
691 3241 708 3278 e
726 3219 839 3278 lumine
858 3218 1038 3300 cylindrum,
1053 3217 1104 3298 qui
1126 3215 1244 3276 mundi*
1255 3235 1338 3275 axem

323 3324 400 3382 intra
410 3344 445 3382 ¹se
460 3318 677 3404 complectatur,
694 3333 723 3382 et
737 3321 956 3381 adamantinam
972 3321 1028 3380 susi
1044 3321 1155 3402 virgam
1176 3339 1238 3379 esse
1257 3317 1338 3377 illius

358 3517 364 3542 ¹
383 3513 605 3566 tridentensem
615 3525 676 3582 part.
690 3517 723 3573 11,
734 3533 754 3564 c.
766 3533 804 3572 ur,
816 3517 827 3564 S
843 3519 881 3564 lo.

359 3603 368 3626 ²
385 3601 412 3651 lu
424 3599 505 3667 capitis
517 3618 555 3649 ιιι
566 3600 641 3650 initio.

359 3687 367 3710 ³
385 3684 472 3732 Arbon.
483 3702 504 3732 c.
518 3701 564 3732 xvi.

359 3770 367 3796 '⁴
385 3766 441 3816 lbid.
456 3785 476 3816 c.
489 3785 553 3818 xrnr.

363 3851 516 3918 'Reipobls'coe
526 3852 568 3902 lib.
582 3855 614 3910 X,
629 3871 652 3918 p.
667 3857 714 3902 6ι6
727 3856 798 3915 ι-6ι7
813 3871 833 3902 s.
