2970 4822
327 387 386 448 112
565 373 570 386 “
619 385 814 448 THEONlS
835 385 1042 448 SllYRNAEl

323 508 590 597 inaequalitatem,
607 531 679 596 quse
696 513 806 574 evectio
822 511 950 585 dicitur,
963 511 1147 600 Hipparcho
1157 524 1189 578 et
1203 511 1357 580 Adrasto

325 645 390 688 non
400 633 615 710 perspectam,
629 623 760 688 invenit
774 623 928 713 Quinque
939 646 1015 690 veru
1026 625 1169 690 erraticis
1182 626 1355 714 hypothe-

324 733 388 800 sim
400 734 587 799 alterutram
599 757 664 800 non
678 736 823 802 sufficere
833 736 1008 825 Hipparchi
1026 737 1261 804 observationes
1269 740 1352 826 jam

325 847 537 935 probaverant
548 846 575 922 ¹;
586 847 641 914 sed
654 849 763 913 ambas
777 849 973 935 conjungere
984 871 1049 914 non
1062 861 1242 938 susceperat
1254 851 1352 939 ipse,

326 957 516 1047 primusque
536 959 586 1032 id,
605 971 641 1024 ut
662 960 798 1034 videtur,
816 961 1006 1026 Ptolemaeus
1023 963 1164 1028 tentavit.
1182 963 1353 1029 Intellexit

325 1083 479 1159 praeterea
494 1071 683 1138 Ptolemaeus
699 1073 800 1138 Lunae
814 1083 846 1137 et
862 1073 1040 1138 errantium
1056 1074 1221 1140 stellarum
1240 1075 1276 1139 in
1298 1076 1353 1142 la—

326 1183 499 1250 titudinem
508 1198 617 1251 motus
625 1198 750 1273 partem
763 1185 906 1273 aliquam
919 1185 1062 1274 epicyclo
1071 1186 1170 1251 tnlrui
1183 1198 1350 1276 oportere,
1461 1275 1462 1278 Ἴ

326 1297 504 1362 excentrioo
520 1297 674 1362 alteram:
692 1297 780 1384 quod
797 1319 862 1362 non
878 1297 1123 1386 perspicientes,
1141 1296 1294 1364 Adrastus
1313 1310 1352 1364 et

328 1407 443 1474 Theon
466 1408 647 1496 epicyclum
668 1419 699 1472 et
719 1408 917 1474 deferentem
941 1409 1077 1476 circulos
1093 1409 1128 1474 in
1146 1410 1259 1476 eadem
1276 1411 1352 1499 pla-

328 1519 407 1586 nitie
424 1520 634 1585 statuerumt
647 1521 801 1586 Praeterea
817 1521 918 1608 magis
930 1521 1077 1588 faverunt
1087 1522 1246 1609 opinioni,
1260 1545 1348 1610 qua,

329 1631 606 1721 quemadmodum
629 1631 684 1698 Sol
708 1644 740 1697 et
764 1635 868 1706 Luna,
893 1634 939 1698 sic
959 1634 1056 1700 etiam
1079 1635 1178 1700 stellae
1202 1647 1352 1702 errantes

329 1747 477 1836 quinque
493 1746 615 1811 circum
630 1745 810 1834 epicyclum
827 1746 988 1812 ferrentur
999 1747 1197 1813 occidentem
1214 1769 1350 1813 versus:

330 1859 370 1926 de
386 1859 504 1948 quibus
520 1858 716 1924 contrarium
732 1859 920 1924 Ptolemrcus
942 1859 1149 1926 statuendum
1170 1881 1237 1926 esse
1254 1860 1348 1948 judi-

333 1971 445 2038 cavit³.

377 2085 503 2151 Deinde
519 2083 632 2149 Theon
649 2084 801 2157 ostendit,
819 2084 848 2149 ei
870 2085 928 2171 qui
945 2085 1030 2150 salva
1047 2095 1173 2150 tantum
1192 2105 1261 2148 esso
1275 2083 1350 2148 vult

330 2199 560 2289 phaenomena,
575 2219 635 2262 nec
650 2198 690 2262 de
700 2196 802 2262 causis
810 2195 960 2283 inquirit,
975 2219 1092 2284 parum
1102 2195 1220 2260 referre
1233 2205 1346 2260 utrum

331 2322 414 2377 astra
433 2309 566 2376 erratica
584 2320 774 2376 moveantur
792 2309 826 2374 in
845 2308 1045 2381 excentricis,
1068 2319 1123 2373 aut
1142 2307 1177 2372 in
1195 2306 1347 2394 epinyclis

332 2435 364 2490 et
379 2421 596 2510 epicyclorum
612 2433 720 2486 centra
737 2422 771 2486 in
790 2420 1014 2493 concentricis,
1032 2443 1072 2485 an
1089 2418 1271 2491 excentrici,
1289 2430 1347 2484 aut

332 2533 467 2624 epicycli
479 2545 562 2600 astra
577 2533 676 2599 infixa
687 2533 825 2599 ferentes
836 2545 867 2599 et
879 2531 1072 2599 concentrici
1088 2531 1224 2597 ferentes
1237 2541 1344 2596 centra

209 2643 213 2652 ’
333 2646 566 2734 epicyclornm‚
582 2647 705 2712 circum
717 2669 774 2711 sua
785 2646 930 2734 ipsorum
942 2655 1050 2710 centra
1062 2643 1239 2716 volvantur,
1252 2642 1346 2708 dum-

333 2759 431 2825 modo
448 2771 598 2846 praeterea
614 2757 807 2824 concentrici
823 2768 855 2822 et
870 2757 1019 2846 epicycli,
1037 2767 1094 2822 aut
1111 2754 1295 2826 excentrici,
1315 2765 1346 2820 et

335 2883 417 2937 astra
434 2871 502 2960 ipsa
518 2872 640 2937 circum
657 2873 765 2936 Terrae
779 2881 811 2935 et
824 2869 950 2936 Zodiaci
969 2881 1116 2934 nentrum
1128 2868 1238 2933 omnia
1249 2867 1345 2932 simul

335 3006 411 3050 cum
425 2983 570 3050 universo
587 2983 730 3072 quotidie
747 2981 1035 3047 circumferantur:
1054 2981 1141 3068 quod
1157 2981 1191 3044 in
1209 2979 1282 3044 Sole
1301 2977 1346 3041 ita

374 3134 382 3165 ¹
404 3129 470 3184 Vide
482 3129 613 3184 Ptolemaei
627 3131 709 3203 Gomp.
724 3127 797 3183 mctlr.
809 3131 856 3191 lll,
874 3150 902 3192 a,
915 3141 933 3183 t.
948 3131 986 3190 ll,
1000 3147 1026 3203 p.
1045 3129 1164 3182 118-120
1178 3127 1285 3181 Halme.

375 3228 385 3258 ¹
405 3222 466 3279 Sola
476 3224 547 3277 onim
556 3223 715 3278 concentrici
726 3223 818 3277 circuli
830 3223 929 3296 sphaera
938 3223 1002 3297 ipsis
1012 3221 1132 3281 diciturrl
1145 3225 1175 3274 τὸ
1182 3221 1348 3285 «tricostus

338 3315 443 3394 pliocec
459 3315 569 3389 (Astron.
583 3335 606 3370 c.
621 3335 707 3380 xrxrr,
721 3315 767 3370 tot.
786 3315 875 3388 19lt),
898 3328 924 3369 et
941 3315 1013 3369 solus
1032 3316 1213 3369 concentricus
1230 3313 1285 3387 ipso
1298 3311 1347 3365 oir-

339 3411 427 3475 cnlus,
441 3411 563 3484 obliquus
576 3429 635 3485 erga
656 3411 822 3484 eclipticum,
841 3409 904 3483 ipsis
920 3408 1046 3464 diciturcl
1064 3411 1094 3461 τὸ
1110 3407 1211 3462 caldeos
1224 3401 1348 3480 ἀφορίζων

340 3508 435 3561 κύκλος
455 3504 591 3576 (ibidem).
615 3505 699 3558 lmmo
711 3522 771 3558 vero
791 3503 924 3556 stellarum
943 3502 1087 3556 errantium
1105 3511 1192 3554 motus
1205 3518 1296 3554 omnes
1308 3517 1348 3552 er-

315 3663 318 3670 ,
341 3599 457 3656 centrico
465 3599 543 3652 etiam
553 3597 608 3650 solo
618 3596 686 3651 ellici
696 3615 771 3670 posse
782 3605 908 3649 statuunt.
922 3594 976 3666 (Cf.
984 3595 1065 3668 hujus
1078 3595 1142 3648 Diss.
1154 3605 1219 3668 part.
1231 3595 1269 3654 ll,
1281 3611 1302 3645 c.
1314 3610 1348 3656 ιν,

341 3693 403 3749 §20
417 3703 443 3747 et
455 3693 505 3756 tt,
520 3703 545 3746 et
557 3693 648 3744 Notum
661 3692 704 3763 ιι.)
720 3689 786 3745 Vide
799 3699 886 3743 tamen
901 3708 923 3742 c.
938 3705 1020 3745 xrvru
1032 3700 1058 3744 et
1070 3691 1164 3744 Notum
1175 3707 1215 3742 rc.

276 3793 279 3800 '
380 3790 389 3822 ³
410 3787 477 3841 vite
489 3785 517 3844 in
530 3786 580 3838 hoc
592 3785 647 3857 ipso
659 3780 672 3836 S
686 3803 742 3836 mox
758 3783 867 3837 dicenda
877 3783 910 3836 de
921 3784 1004 3857 capite
1017 3802 1080 3845 xxx,
1092 3794 1118 3835 et
1127 3785 1218 3836 Notum
1233 3799 1264 3834 rr.

449 3926 468 3956 l
