2992 4822
477 421 533 482 DE
553 419 850 482 ASTRONOMIA.
1129 423 1169 484 65

161 545 804 634 tereaTheoneSmyrnaeo¹‚Hippamhus,
815 547 849 610 in
860 555 1173 635 operewepttrwte-

163 671 260 747 μάτων
274 671 321 728 καὶ
337 669 467 748 μεγεθῶν
481 665 564 738 ἡλίου
577 669 625 726 καὶ
641 665 784 738 σελήνης,
797 661 896 724 Terra
908 659 1022 746 septies
1035 669 1066 723 et
1076 658 1172 724 vicies

162 771 264 839 ferme
285 773 441 840 contineri
463 771 631 837 arbitratus
653 771 757 837 fuerat
775 772 875 836 Lunae
897 771 1171 859 magnitudinem,

93 897 96 901 '
163 909 235 974 quae
251 886 307 950 illa
322 885 371 950 bis
387 885 454 951 sere
466 885 558 950 toties
575 884 756 948 continetur
770 909 777 947 :
791 884 826 948 in
844 907 908 971 qua
920 907 956 950 re
967 883 1175 950 Ptoiemaeus²

161 997 257 1086 paulo
274 997 383 1062 minus
400 995 524 1061 erravit.
541 996 578 1058 ln
596 995 779 1060 definienda
799 1005 906 1060 autem
919 996 1001 1060 Solis
1018 995 1174 1082 magnitu-

160 1110 252 1182 dine,
268 1109 487 1196 Hipparchus,
501 1127 520 1172 a
532 1129 607 1172 vero
623 1106 806 1193 longissime
823 1107 988 1178 recedens,
1002 1107 1056 1171 sed
1073 1108 1175 1172 multo

161 1223 270 1288 tamen
288 1222 397 1285 minus
415 1242 515 1306 quam
533 1229 640 1306 postea
651 1219 878 1292 Ptolemaeus³,
899 1219 973 1285 Sole
989 1219 1090 1284 sermo
1105 1219 1176 1284 mii-

161 1334 220 1398 iies
244 1332 450 1419 octingenties
466 1333 601 1420 octogies
619 1333 775 1397 contineri
797 1335 903 1396 Terrae
919 1332 1176 1419 magnitudinem
1200 1397 1204 1412 ,

164 1456 338 1510 censuerat.
362 1444 398 1510 ld
421 1445 528 1532 ipsum
551 1445 631 1510 dixit
649 1445 746 1510 etiam
762 1445 987 1516 Chalcidius‘t,
1010 1445 1177 1510 Thoonem

163 1557 261 1622 latine
277 1568 412 1622 vertens.
426 1540 524 1623 Panlo
538 1557 629 1622 aliter
647 1555 855 1622 Cleomedes⁵
869 1581 876 1620 ε
891 1557 1117 1646 «Bythynum,
1131 1558 1178 1622 in-

163 1669 272 1756 «quit,
290 1669 513 1757 Hipparchum
531 1669 644 1735 dicunt
659 1669 922 1741 demonstravisse
937 1669 1044 1734 Solem
1062 1669 1178 1733 millies

163 1793 218 1847 «et
230 1782 443 1870 quinquagies
460 1804 527 1846 esse
542 1783 642 1846 Terra
658 1783 824 1868 majorem.
839 1811 849 1838 ι

209 1894 393 1960 Posroonms
419 1894 453 1958 in
472 1894 613 1959 Theonis
636 1917 730 1982 opere
754 1917 818 1958 non
842 1895 1035 1960 nominatur.
1055 1894 1120 1960 Sed
1134 1893 1178 1957 ibi
1266 1922 1347 1964 μή.

164 2005 320 2069 nonnulla
343 2029 409 2070 esse
432 2005 660 2070 ostendemus⁶
678 2029 749 2092 quae
765 2004 917 2072 Adrastus
937 2006 1107 2071 Posidonio
1128 2005 1179 2070 de-

164 2117 236 2188 bet,
265 2127 297 2180 et
322 2117 415 2204 plura
447 2129 522 2182 sunt
544 2117 650 2182 forsan
674 2141 746 2204 quae
773 2141 810 2183 ex
835 2119 947 2184 eodem
976 2120 1016 2182 ab
1046 2117 1179 2182 Adrasto

164 2228 279 2293 hausta
293 2240 386 2301 sunt,
402 2230 563 2316 praecipue
580 2230 614 2294 in
631 2231 746 2318 primis
760 2243 897 2318 quatuor
913 2231 1087 2319 capitibus,
1104 2253 1179 2296 oum

166 2339 284 2425 quibus
303 2339 445 2406 conferas
463 2341 538 2407 licet
554 2365 591 2408 ea
609 2365 681 2431 quae
699 2367 717 2408 e
733 2344 902 2410 Posidonio
918 2345 1092 2410 maximam
1110 2367 1179 2432 par-

166 2463 235 2516 tem
250 2451 355 2517 hausit
373 2451 559 2519 Cleomedes
569 2455 591 2517 Ἰ.

633 2611 736 2728 sn„

211 2787 279 2853 Sub
304 2786 480 2854 Aanxnnonr
498 2791 608 2856 AEron
627 2794 773 2866 nomine,
792 2807 892 2882 poetae
915 2795 948 2858 in
968 2798 1101 2883 tragico,
1120 2799 1179 2863 ele·
1234 2825 1359 2881 (sisausa

164 2901 265 2986 giaco,
280 2901 555 2990 epigrammatico,
570 2905 659 2992 epico
675 2917 705 2970 et
718 2907 870 2973 cinaedico
882 2909 1051 2995 generibus
1065 2911 1181 2976 exerci·
1236 2883 1346 2982 ibiibi

164 3014 324 3088 tatissimi,
339 3016 396 3103 qui
413 3039 489 3082 cum
505 3018 620 3104 aequali
633 3020 727 3084 Arato
744 3019 867 3085 Solensi
882 3011 968 3108 apud
984 3020 1178 3112 Antigonum
1239 2995 1343 3053 ψη

206 3163 212 3191 ¹
234 3161 330 3216 Astron.
345 3181 367 3216 c.
382 3179 477 3225 xxxix,
490 3164 535 3218 fol.
553 3167 585 3219 25
601 3166 624 3218 b.

204 3256 214 3284 ²
235 3254 317 3328 Comp.
337 3257 411 3311 naoth.
430 3259 460 3319 V,
480 3261 523 3320 ιθ,
543 3271 560 3312 t.
578 3261 603 3323 1,
623 3281 648 3334 p.
666 3259 786 3333 347-3218
805 3263 913 3316 Haimse.
933 3264 998 3318 Vide
1016 3265 1096 3337 hujus
1110 3265 1177 3318 Diss.

164 3355 231 3418 part.
243 3348 281 3408 ΙΙ,
296 3367 318 3401 c.
334 3367 373 3408 lv,
387 3348 454 3404 5211.

202 3442 212 3470 ³
233 3439 299 3494 Vide
312 3440 407 3496 ibidem.
433 3442 437 3449 ’

203 3533 213 3564 ⁴
232 3534 261 3587 In
276 3535 337 3588 Tim.
351 3535 396 3590 fol.
411 3539 446 3593 30
460 3541 604 3596 obscensii
620 3543 659 3616 (p.
675 3545 722 3597 181
740 3545 872 3616 Meursii).

201 3631 210 3660 ⁵
230 3627 350 3702 11,1,p,
366 3648 415 3684 102
431 3632 512 3686 Batti.

202 3723 212 3752 ⁶
232 3719 298 3776 Vide
312 3721 393 3794 hujus
403 3723 467 3778 Dias.
481 3738 547 3798 part.
564 3726 711 3791 Il,c.1v,§
730 3729 776 3793 lt,
794 3733 826 3784 17
841 3741 867 3784 et
883 3733 925 3785 to.
937 3732 977 3786 Ci.
988 3730 1001 3785 S
1014 3733 1041 3786 8.

202 3816 211 3846 ⁷
232 3815 259 3877 l,
278 3817 353 3868 8-11.

1009 3938 1025 3988 5
