2958 4824
486 429 541 490 DE
563 427 859 491 ASTRONOMIA.
1113 429 1173 493 2³3

171 554 302 626 demus.
321 553 397 625 Non
416 577 495 650 ergo
518 553 595 634 εζηκ
617 552 704 625 Solis
725 554 868 626 cuculus
889 577 985 650 aequa
1007 553 1175 625 eeleritate

171 675 294 746 eodem
317 701 430 747 versus
455 701 535 746 cum
557 677 715 746 universo
738 673 874 745 seretur.
897 673 968 745 Nec
989 698 1072 746 vero
1095 675 1177 746 cele

171 797 258 876 rius;
275 821 355 868 nam
373 799 419 867 sic
438 798 537 874 etiam
554 821 764 891 praecurrens
782 795 823 865 ad
840 795 1073 866 antecedentia
1090 799 1176 866 ineu

170 918 321 987 rentium
340 931 506 988 astrorum
524 915 695 988 videbitur
712 915 808 996 serri,
833 929 867 984 et
887 929 980 986 retro
1002 915 1177 988 zodiacum

172 1041 320 1116 emetiri,
334 1038 492 1109 videlicet
502 1036 543 1106 ab
554 1036 668 1108 Ariete
677 1036 720 1108 ad
730 1037 840 1107 Pisces
851 1051 884 1106 et
891 1035 1177 1134 Aquariumtquae

171 1157 245 1229 fieri
263 1183 333 1231 non
348 1159 515 1230 videmus.
537 1157 675 1228 Clarum
698 1171 746 1228 eet
765 1179 845 1254 ergo
868 1173 1027 1254 oportere
1049 1173 1088 1228 ut
1104 1157 1178 1241 εζηκ

172 1282 319 1352 circulus
330 1291 388 1351 aut
398 1281 521 1352 eodem
533 1305 660 1361 versus,
673 1305 742 1375 quo
751 1283 959 1360 universum,
972 1279 1032 1350 sed
1039 1279 1176 1362 tardius,

171 1416 358 1484 moveatur,
373 1417 408 1472 et
418 1401 544 1472 ideirco
553 1426 646 1496 pone
658 1401 794 1472 relictus
804 1402 839 1470 in
850 1403 1025 1497 sequentia
1037 1405 1178 1474 mandre

171 1521 334 1606 videatur,
349 1538 406 1594 aut
415 1548 478 1619 per
488 1549 558 1593 sese
567 1525 603 1592 in
615 1525 835 1604 ¹contrariam,
850 1538 951 1619 atque
962 1525 1175 1606 universum,

169 1658 301 1738 partem
317 1643 454 1726 seratur,
470 1661 504 1715 et
518 1645 620 1716 simul
635 1645 820 1741 abripiatur
831 1670 911 1716 oum
924 1649 1082 1718 universo
1094 1667 1178 1743 quo-

130 1807 132 1812 ·
167 1765 250 1837 tidie
266 1779 402 1838 coactus
420 1767 469 1836 ire
488 1764 531 1836 ab
548 1781 627 1838 ortu
643 1765 685 1838 ad
705 1789 861 1838 occasum
879 1797 886 1836 ε
902 1770 950 1838 sie
968 1770 1059 1838 enim
1075 1769 1111 1838 in
1128 1793 1177 1839 se·

168 1889 306 1982 quentia
317 1889 1175 1992 conspicietrutransiensettanquamponerelietue.

221 2007 407 2097 Quomodo
427 2033 507 2104 ergo
527 2008 674 2080 servabit
691 2008 939 2104 pbaenomenai
957 2009 1007 2080 sit
1020 2024 1176 2080 centrum

170 2129 286 2200 solaris
303 2130 419 2200 circuli
437 2159 473 2217 μ,
495 2144 528 2200 et
546 2127 756 2199 describatur
773 2156 792 2200 e
809 2145 927 2202 centro
946 2160 984 2218 μ,
1003 2129 1099 2200 radio
1119 2129 1175 2216 θμ,

172 2251 318 2320 eirardus
335 2243 430 2337 μονξ,
454 2265 489 2320 et
509 2265 658 2345 ponatur
682 2275 773 2321 nuno
796 2249 869 2332 εζηκ
891 2251 1057 2325 circulum
1076 2252 1177 2322 simui

172 2396 254 2442 cum
277 2373 435 2444 universo
454 2371 532 2442 ferri
555 2387 653 2444 motu
672 2371 713 2442 ab
732 2375 862 2444 oriente
881 2372 923 2442 ad
945 2371 1175 2452 occidentem,

172 2507 230 2564 aut
244 2507 384 2588 propter
399 2493 592 2564 tarditatem
611 2519 701 2588 pone
721 2494 893 2575 relictum,
916 2508 974 2564 aut
991 2495 1092 2564 etiam
1106 2519 1177 2564 sese

171 2629 367 2687 moventem
392 2616 426 2683 in
445 2617 647 2686 contrariam
671 2629 818 2710 partem,
844 2629 945 2710 atque
964 2617 1175 2696 universum,

170 2737 326 2834 -quod
342 2738 504 2808 rdtimum
518 2740 623 2834 magis
638 2739 748 2833 placet
764 2737 910 2818 Platoni,
925 2740 1034 2808 -ita
1048 2751 1088 2807 ut
1101 2761 1179 2808 cen-

170 2873 278 2939 trum,
307 2883 368 2954 per
392 2854 475 2946 μονξ
496 2861 662 2930 circulum
688 2860 839 2930 delatum
863 2859 1087 2955 aequabiliter,
1117 2861 1179 2929 oir-

171 2994 307 3051 eumeat
323 2982 422 3050 iiium
438 2983 519 3054 anni
536 2983 659 3076 spati0‚
680 2995 713 3052 et
725 2983 811 3052 intra
829 2981 953 3076 [idem]
969 2995 1104 3075 tempus
1118 2979 1178 3050 Sol

171 3099 328 3171 conficiat
343 3105 521 3197 proprium
539 3104 705 3172 circulum
722 3104 873 3173 similiter
890 3101 1046 3198 aequabili
1068 3115 1176 3172 motu.

216 3227 225 3255 ⁸
247 3227 334 3294 Haud
346 3231 412 3290 'seio
432 3253 468 3290 an
490 3229 623 3291 addenda
637 3253 690 3293 vox
705 3235 812 3313 φοράν,
828 3255 892 3314 quae
912 3244 1009 3292 tamen
1027 3227 1179 3290 subaudiri

171 3341 273 3411 potest.

177 3479 178 3486 κ
215 3432 225 3460 ⁹
246 3433 308 3494 Vox
321 3443 399 3503 ode,
414 3457 479 3517 quae
494 3437 579 3496 estin
595 3437 707 3505 codice,
722 3440 827 3498 servari
842 3450 943 3522 potest
963 3435 1064 3497 Malim
1080 3447 1177 3495 tamen

172 3538 275 3604 οὕτως,
292 3537 331 3596 ita
346 3549 378 3596 ut
393 3559 451 3598 non
468 3539 503 3598 sit
517 3539 713 3621 interrogatio.

207 3635 226 3664 ¹⁰
247 3637 280 3696 ln
296 3637 394 3698 codiee
409 3642 452 3698 τό.

206 3737 224 3768 ¹¹
248 3739 281 3798 ln
297 3741 395 3801 codice
410 3741 494 3819 μονζ.-
583 3777 586 3782 -
709 3777 714 3784 ·

206 3841 225 3869 ¹²
247 3843 280 3900 Iu
296 3843 394 3903 codice
409 3841 488 3903 deest
502 3850 584 3926 αὐτῷ.
