2992 4822
320 402 360 464 uo
613 405 1031 495 rp-nourssuununr

318 527 447 594 Veneris
464 527 647 593 circuitibus
663 528 771 594 Solem
787 529 856 598 vult
873 529 1032 603 coronari,
1050 551 1132 596 nova
1146 541 1177 596 et
1192 531 1328 618 pretiosa

318 639 446 724 vestigia
469 639 556 727 apud
578 641 727 718 Nostrum
750 641 968 714 inveniuntur.
993 643 1141 730 Denique
1158 663 1215 730 per
1235 623 1329 708 illum

319 751 409 816 nobis
421 741 623 820 innotescunt
633 753 807 840 astronomi·
817 753 881 820 duo
890 775 954 818 nou
964 753 1205 827 contemnendi,
1217 751 1329 821 Adras-

318 875 369 928 tus
385 874 416 928 et
431 864 646 951 Dercyllidss‚
669 887 809 953 quorum
827 865 969 953 priorem
989 867 1151 954 praecipue
1165 867 1278 932 Theon
1294 868 1328 932 in

318 976 458 1042 maxima
474 977 578 1064 operis
595 981 685 1070 parte
699 979 853 1066 sequitur,
867 991 922 1047 aut
939 979 1025 1044 illius
1038 979 1134 1044 etium
1150 979 1246 1045 verba
1260 979 1328 1044 des·

319 1089 421 1156 cribit.
433 1092 483 1156 De
494 1086 627 1159 Adrasto
639 1101 747 1156 autem
761 1091 816 1157 ilio
830 1091 951 1158 dixerat
965 1093 1090 1158 Morcus
1104 1091 1328 1158 Meibomius1:

319 1237 330 1262 ι
345 1201 516 1270 Auctorem
528 1226 565 1270 ex
578 1204 772 1290 qui-busdam
784 1203 861 1271 locis
874 1203 987 1270 notum
1000 1223 1078 1271 suro
1092 1204 1251 1272 redimere
1265 1205 1329 1270 vei-

322 1297 442 1388 utem.»
460 1318 524 1390 Nec
540 1339 750 1408 nos.asserere
764 1315 964 1391 dubitamus,
980 1340 1054 1404 quae
1070 1319 1131 1384 hoc
1146 1339 1243 1406 opere
1259 1337 1331 1383 eon·

321 1429 449 1501 tinetun
468 1413 593 1496 Adrasti
604 1428 905 1498 Astronomiumiere
917 1409 1016 1495 totam
1032 1429 1111 1502 illis,
1129 1451 1202 1516 quae
1214 1427 1332 1497 Meibo·

322 1542 406 1614 mius
417 1553 561 1615 noverat,
575 1542 783 1608 arithmeticis
794 1552 825 1608 et
835 1542 966 1632 musicis
974 1541 1179 1630 fragmentis,
1193 1553 1229 1613 ut
1239 1541 1333 1627 longe

323 1654 527 1742 ampliorem,
546 1654 591 1720 sic
605 1654 708 1720 multo
722 1653 879 1743 potiorem
895 1642 972 1719 esse.

320 1839 322 1845 ,
370 1768 434 1853 Sed
443 1779 616 1855 antequam
626 1759 666 1834 de
675 1767 815 1833 Theonis
825 1767 1016 1832 Asttonomio
1025 1765 1119 1854 plura
1128 1763 1333 1835 disseramus,

324 1881 401 1948 utile
417 1880 543 1948 videtur
559 1880 599 1946 de
616 1876 797 1946 auctoribus
807 1859 928 1967 'quibus
941 1879 1017 1946 usus
1030 1889 1079 1944 est
1089 1889 1143 1943 aut
1155 1876 1212 1964 qui
1223 1875 1257 1940 in
1272 1875 1335 1940 hoc

324 2005 665 2082 operememornntur,
682 2015 720 2058 ea
736 2003 862 2087 tontum
875 2015 947 2080 quae
963 1991 1071 2056 minus
1088 2001 1163 2056 nota
1179 1987 1255 2056 sunt
1269 2009 1338 2054 nos-

325 2120 437 2196 troque
452 2106 614 2196 proposito
630 2106 837 2179 conveniunt,
852 2105 902 2176 vel
914 2128 932 2169 e
944 2104 1076 2169 Theone
1090 2125 1177 2168 nunc
1191 2101 1336 2192 primum

325 2231 568 2316 cognoscuntur,
587 2220 725 2284 breviter
741 2209 907 2308 exponere.
985 2270 987 2274 .

650 2386 652 2393 ¹
718 2433 862 2493 curun
884 2385 942 2504 ui.

362 2573 399 2634 nn
422 2593 616 2642 sennonteus,
641 2593 764 2645 ouonuu
788 2593 817 2632 ru
841 2578 966 2633 rnnou'rs
989 2587 1192 2631 nsrnononrco
1216 2579 1303 2642 niuno

619 2719 623 2730 ,
738 2696 787 2752 rrr
809 2694 929 2736 nunno.
954 2727 957 2738 i

805 2853 819 2932 s
840 2855 863 2906 1.

4 2931 6 3068 i
284 3036 286 3042 ¹
379 3007 427 3074 Ab
443 3008 482 3072 iis
503 3007 694 3094 incipiamus
716 3005 949 3076 mentionibus,
968 3026 1040 3090 quae
1056 3001 1165 3066 minus
1186 2998 1340 3063 advestro·

332 3121 474 3187 nomiam
491 3129 642 3208 spectant.

152 3275 288 3333 ammodo„
357 3293 360 3300 .
378 3235 492 3300 Versus
514 3255 612 3304 unus,
632 3232 704 3318 qui,
728 3242 855 3296 anctore
873 3250 938 3293 non
957 3223 1291 3314 nominato‚3affertur
1308 3221 1342 3284 in

332 3346 473 3412 Theonis
490 3344 710 3416 Astronomia²‚
730 3354 827 3408 exstat
843 3338 1027 3406 inten'editu
1044 3339 1243 3403 Eurunocms
1262 3333 1342 3419 freg-

333 3460 471 3528 menta³.
508 3509 512 3518 .
624 3460 627 3466 ’

4 3273 7 3344 i

376 3609 395 3658 ¹⁹
404 3627 434 3678 In
448 3622 596 3698 prefatione
606 3619 666 3674 libri
680 3621 717 3674 De
728 3618 930 3694 proportionibus.

373 3725 383 3754 ²
403 3719 433 3774 C.
448 3733 517 3779 xun,
532 3715 577 3772 sol.
595 3733 627 3768 ro
639 3715 662 3767 b.
698 3765 701 3774 ,

375 3818 384 3846 ³
404 3814 435 3868 V.
449 3831 495 3874 rr,
509 3831 534 3884 p.
549 3813 582 3880 98
597 3807 735 3862 Karstenii.
