3016 4826
254 461 256 466 .
306 410 367 471 386
525 439 529 444 .
594 404 718 464 NOTAE
740 403 784 464 IN
807 403 1022 464 ΤΗΕΟΝΕΜ

736 623 810 678 Nora
829 620 884 688 QQ.

557 752 561 758 ’
604 752 642 806 nd
657 773 679 806 c.
694 771 750 814 xm,
765 752 810 805 fot.
828 772 859 823 ²7
875 772 903 813 α,
918 771 942 825 p.
955 752 1018 807 3²8.

326 915 328 919 .
354 984 487 999 .......
500 941 602 1015 ἱππικῇ
616 937 849 1018 παραπλησίας).
867 973 907 984 -·-
923 937 1061 997 sinuosas
1074 937 1164 996 lineas
1180 936 1220 994 sic
1234 945 1318 996 vocat

304 1052 491 1124 auotor.quas
503 1037 662 1100 ἱπποπέὸας
669 1040 741 1100 dixit
748 1039 866 1100 Procius
874 1037 892 1107 ¹,
901 1037 1000 1122 quales
1010 1037 1214 1098 seradescribit
1223 1059 1317 1119 equus

304 1144 341 1204 ad
350 1156 509 1227 utrumque
519 1155 602 1204 rectae
612 1145 663 1203 viae
674 1144 839 1225 marginem
847 1142 1012 1202 discurrens
1021 1186 1027 1207 .
1037 1151 1066 1199 et
1075 1140 1191 1223 qualern
1203 1139 1318 1199 exbibet

303 1247 466 1328 Descriptio
474 1246 650 1328 geometrica
659 1246 857 1306 xvrnEudoxo
867 1245 954 1304 etiam
965 1243 1174 1325 exprobrarunt
1187 1243 1299 1326 antiqui
1309 1290 1316 1310 ‚

304 1350 383 1432 quod
398 1349 448 1408 tali
463 1347 608 1426 ἱπποπέδῃ
623 1347 700 1408 linea
715 1347 800 1409 vellet
815 1359 942 1408 errantes
963 1347 1058 1407 stelias
1078 1347 1243 1429 eclipticum
1263 1347 1317 1405 cir-

304 1453 405 1511 culum
418 1452 522 1534 saepius
535 1453 710 1533 pertransire
719 1449 738 1508 ¹.

738 1647 811 1699 Nora
831 1647 884 1698 ΒΗ.

599 1776 638 1830 Ad
652 1795 674 1828 c.
689 1795 747 1839 xer,
761 1776 805 1829 sol.
823 1797 854 1848 ²7
869 1797 900 1837 a,
914 1796 939 1850 p.
956 1777 1017 1832 330.

355 2006 487 2021 .......
500 1959 544 2019 διὰ
563 1968 615 2020 τοῦ
634 1968 692 2019 τῶν
711 1965 875 2042 ἐγκέντρων
896 1961 1030 2022 πλάτους
1051 1963 1319 2043 γραφομένων).-

305 2061 478 2144 Legendum
502 2045 699 2144 dputvrpbv³;
721 2075 762 2132 et,
783 2065 839 2124 nisi
861 2065 934 2125 sorte
955 2064 1061 2145 βάθους
1080 2063 1241 2145 legandum
1261 2077 1317 2132 est,

305 2164 467 2247 intelligere
480 2176 593 2248 oportet
607 2165 723 2226 πλάτος
742 2165 866 2226 hicnon
887 2187 953 2226 eam
972 2189 1047 2235 esse,
1062 2187 1127 2251 quae
1146 2168 1318 2227 astronomis
1336 2221 1338 2225 .

306 2269 347 2327 sic
361 2267 476 2336 dicitur,
494 2267 675 2337 latitudinem,
692 2269 722 2326 id
737 2280 780 2328 est
794 2269 832 2328 ab
846 2268 979 2351 ecliptico
990 2269 1100 2330 circulo
1115 2270 1152 2331 ad
1166 2269 1319 2352 perpendi-

306 2369 406 2430 culum
417 2367 598 2438 distantiam,
611 2370 662 2430 sed
671 2373 702 2429 in
713 2371 889 2432 concentrici
899 2371 1001 2432 circuli
1010 2392 1062 2453 per
1074 2393 1219 2455 apogeum
1227 2382 1318 2431 trans·

305 2473 401 2533 euntis
415 2483 444 2532 et
458 2471 599 2556 sphaeram
615 2493 714 2533 earam
727 2494 778 2554 per
789 2472 924 2554 apsidum
938 2471 1047 2534 lineam
1062 2469 1186 2535 secantis
1199 2477 1320 2558 planitia

306 2575 385 2636 idern
399 2595 474 2643 esse,
487 2574 568 2658 quod
579 2576 609 2634 in
620 2577 682 2658 ipsa
692 2574 802 2657 sphaera
812 2596 880 2636 cava
891 2574 1003 2636 dictum
1018 2588 1060 2636 est
1070 2575 1185 2655 ssddos‘,
1201 2599 1318 2660 aequum

306 2677 390 2761 linepa
409 2699 448 2737 πε
463 2678 494 2738 in
509 2678 710 2760 Descriptione
727 2698 745 2736 x
762 2680 865 2763 (quam
879 2679 970 2758 vide).
986 2680 1019 2738 ln
1034 2681 1096 2740 cavi
1109 2701 1179 2762 ergo
1194 2701 1318 2741 concen-

307 2783 370 2841 trici
380 2782 481 2844 circuli
493 2803 565 2865 ερστ
575 2793 655 2864 parte
667 2781 717 2842 illa
729 2803 793 2864 quae
805 2783 880 2842 inter
891 2781 1018 2844 ambitus
1026 2805 1099 2864 ερστ
1110 2795 1139 2844 et
1147 2784 1233 2863 πχυψ
1242 2805 1319 2845 com-

308 2884 500 2966 prehenditur
510 2885 668 2968 descriptos
678 2905 740 2945 esse
751 2884 888 2968 inteiligit
898 2895 1005 2954 auctor,
1019 2895 1047 2945 et
1057 2884 1318 2969 adnn‘epicyoium,

307 2997 336 3048 et
353 2985 426 3054 ελυξ
438 2989 645 3060 excentricum.
662 2989 740 3047 lnter
754 2987 871 3049 eosdem
891 2990 979 3050 etiam
999 2989 1126 3048 ambitus
1145 2989 1321 3051 describitur

309 3087 385 3165 μλνξ
394 3091 595 3151 concentricus
605 3089 732 3150 circulus
742 3090 863 3173 epicycli
872 3101 1006 3150 centrum
1018 3090 1122 3151 ferens.
1135 3091 1239 3151 Merito
1250 3111 1321 3171 ergo

308 3212 375 3252 mox
387 3192 468 3252 addit
479 3205 578 3253 auctor
590 3193 665 3252 inter
678 3203 833 3275 utramque
842 3213 917 3254 eavae
928 3193 1045 3276 spbaerae
1058 3193 1255 3276 superficiem,
1269 3214 1321 3276 per

308 3292 449 3377 epioyeios
464 3305 493 3354 et
507 3295 703 3354 concentricos
723 3295 859 3364 circulos,
880 3285 945 3354 κα’τ’
961 3285 1134 3356 mentumis
1153 3299 1199 3354 uad
1219 3299 1320 3373 ἐγκέν-

307 3417 393 3478 τρονς
406 3398 460 3477 (sic
475 3397 555 3456 enim
568 3396 756 3478 legandum),
773 3411 847 3458 astra
863 3397 941 3457 ferri.
958 3398 1030 3458 Vide
1046 3410 1133 3480 caput
1145 3417 1233 3458 xrxrr.

342 3569 349 3596 ¹
368 3566 529 3624 InEutlidem,
542 3570 613 3634 11,p.
630 3570 670 3616 δι.

342 3656 351 3682 ’
366 3653 426 3704 Vide
437 3653 497 3703 Dias.
512 3663 596 3704 nostras
605 3663 665 3721 part.
680 3657 714 3712 ii,
726 3673 746 3703 c.
761 3673 802 3712 nr,
815 3656 825 3703 S
838 3660 860 3702 6.

342 3740 352 3765 ⁸
368 3737 427 3786 Vide
440 3739 522 3788 Notum
531 3741 570 3787 m.

343 3823 351 3848 ⁸
369 3824 397 3870 C.
411 3837 484 3877 intr,
497 3820 536 3870 iol.
549 3839 578 3872 πο
589 3822 611 3871 b.
