2970 4822
473 417 529 478 oe
551 416 851 492 asraononn.
1111 418 1168 477 ιιι

158 543 380 612 celsissimum
404 542 446 612 ad
468 541 755 638 perpendiculum
773 554 1001 612 monstratum
1025 555 1076 610 esa
1100 565 1169 612 esse

159 655 315 736 diametri
334 665 449 735 Terrae
468 667 503 735 in
525 680 602 737 octo
623 666 731 736 millia
749 663 861 734 divisae
882 636 987 733 unam
1006 661 1077 732 sere
1100 687 1173 758 par-

78 793 80 802 “
158 803 240 858 tem.
258 789 348 884 Ergo
364 787 620 884 quadragesima
632 812 709 881 pars
722 777 808 856 milii
822 788 916 880 grani
932 784 1091 854 diametri
1104 807 1173 854 ma·

155 914 269 1006 joram
283 909 425 980 habebit
438 912 699 1006 proportionem
711 907 754 978 ad
768 908 907 1001 longam
924 931 1035 976 unum
1047 905 1174 1002 pedem

159 1031 297 1126 sphaerae
320 1031 524 1102 diametron.
545 1025 780 1102 Conslililtum
800 1053 879 1123 ergo
901 1031 1003 1098 etiam
1027 1027 1176 1098 solidum

161 1179 178 1222 e
204 1153 461 1248 quadragesima
486 1167 581 1246 parte
605 1153 693 1222 milii
714 1153 809 1248 grani
834 1149 991 1220 diametri
1018 1148 1176 1219 eamdem

159 1273 301 1344 habebit
309 1277 571 1370 proportionem
580 1273 622 1343 ad
631 1271 1058 1346 constitutumediametro
1065 1293 1177 1340 unum

161 1397 286 1492 pedem
296 1398 398 1492 longa
405 1398 514 1466 simile
523 1379 680 1474 solidum,
693 1390 1178 1489 quamhabetsimilesolidum

163 1517 316 1588 edacem
330 1517 516 1590 stadiorum
531 1515 810 1613 perpendiculari
820 1516 910 1586 linea
920 1514 963 1585 ad
979 1499 1088 1586 simile
1103 1515 1179 1584 soli-

162 1638 246 1708 dum
255 1665 273 1708 e
283 1639 450 1712 diametro
461 1638 587 1709 Terrae.
600 1637 834 1709 Constitirlum
845 1651 961 1708 autem
973 1637 1177 1732 sphaericum

162 1759 310 1832 solidum
322 1787 340 1832 e
353 1762 439 1831 milii
450 1765 545 1856 grani
558 1761 715 1831 diametri
729 1725 986 1856 quadragesima
996 1772 1092 1853 parte
1102 1781 1179 1853 pam

164 1885 228 1952 erit
244 1879 312 1953 'una
325 1887 429 1954 totius
441 1886 537 1978 grani
553 1885 589 1954 in
608 1885 777 1978 sexaginta
790 1897 937 1978 quatuor
948 1881 1055 1951 millia
1070 1879 1176 1950 divisi.

165 2003 232 2074 Sed
246 2029 264 2073 e
280 2003 401 2074 decem
419 2003 607 2074 stadiorum
625 2003 903 2099 perpendiculari
918 2004 1009 2072 linea
1022 2004 1180 2074 constitu·

165 2139 240 2194 tum
256 2125 459 2221 sphaericum
474 2150 597 2222 corpus
617 2125 806 2196 solidorum
826 2139 878 2194 est
896 2124 1085 2198 stadiorum
1106 2124 1178 2199 5τίι

167 2248 332 2340 proxime.
355 2247 463 2316 Terra
481 2262 596 2318 autem
614 2261 700 2327 tota,
721 2261 760 2316 ut
782 2246 943 2342 sphaerioa
967 2258 1178 2341 computata,

169 2367 355 2439 stadiorum
375 2368 564 2440 solidorum
585 2366 1046 2468 est[2699lirol3317821
1072 2381 1106 2437 et
1120 2381 1183 2436 ter·

169 2491 223 2560 tiae
243 2489 339 2562 stadii
359 2489 487 2587 partis}
504 2489 634 2560 Rursus
656 2494 749 2560 enim
765 2489 1020 2561 demonstratur
1037 2487 1183 2584 figuram

168 2613 401 2708 rectangulam
410 2611 577 2683 diametro
587 2627 621 2682 et
628 2613 746 2682 circuli
756 2611 917 2707 [maximi]
929 2611 1062 2680 ambitu
1071 2614 1107 2680 in
1115 2635 1184 2681 rec-

168 2734 372 2804 tamlineam
379 2733 544 2828 explicato
554 2733 964 2829 comprehensamquater
971 2757 1104 2828 aequam
1113 2757 1183 2802 esse

170 2869 298 2950 quartae
316 2856 404 2950 parti
422 2853 613 2950 superficiei
632 2855 789 2950 sphaerae,
810 2881 885 2950 quae
904 2853 1046 2950 quidem
1065 2867 1184 2948 quar‘ta

170 3001 247 3068 pars
262 3003 358 3072 aequa
372 2991 422 3048 est
436 2977 555 3058 eiraldi
571 2976 774 3072 superficiei.
791 2977 908 3074 Itaque
921 2978 1095 3048 invenitur
1107 3001 1185 3072 qua·

173 3245 240 3282 rum
259 3245 325 3284 ecce
342 3211 530 3309 apographon
550 3238 616 3308 post
634 3247 717 3287 voees
734 3228 865 3310 ,σΊερεῶν
884 3223 1007 3287 aladini>
1026 3225 1090 3304 ἔχει
1113 3225 1186 3284 inei·

173 3327 256 3409 piens
270 3353 276 3384 z
292 3328 424 3409 μυριάδας
440 3333 544 3410 τρίτων
559 3333 613 3405 μὲν
625 3333 765 3412 ἀριθμῶν,
780 3328 921 3412 μυριάδων
930 3327 985 3408 μ’.
1002 3325 1145 3410 δευτέρων
1155 3325 1187 3386 δὲ

176 3440 215 3507 μῆ
228 3434 352 3512 πρῶτον
364 3430 395 3492 δὲ
407 3437 514 3515 μυρίων
523 3436 570 3492 καὶ
581 3435 624 3492 ἔτι
637 3432 769 3493 nlullan.
784 3431 885 3501 ςτζξς,
894 3428 1186 3513 τεσσαρακοσῦὸδιον.

174 3533 248 3594 Vide
256 3521 365 3593 'Notam
380 3555 410 3603 ι,
424 3541 454 3594 et'
466 3535 609 3596 Tabulam
626 3541 704 3602 n.‘n⁰
725 3558 749 3594 1.

217 3635 226 3664 ⁸
250 3637 283 3696 In
299 3637 399 3698 codice
412 3637 588 3700 ἀποδεικνύς.

218 3741 228 3769 ⁹
250 3742 284 3801 In
299 3741 399 3802 codice
412 3749 604 3823 ωεριφερεως
618 3768 623 3800 ε
638 3743 845 3825 quodfalsum.
858 3743 932 3808 Vide
945 3743 1050 3802 Notum
1065 3761 1091 3800 o.

209 3842 229 3873 ¹⁰
240 3843 285 3902 'In
300 3843 401 3906 codice
416 3847 488 3904 loon.
1127 3855 1131 3862 “
