2964 4824
462 425 518 486 DE
541 423 842 488 nsanououln.
1093 421 1156 486 269

145 548 205 620 sed
218 548 310 644 quod
321 563 449 644 spectat
461 548 503 622 ad
514 564 641 630 cetera,
664 554 777 645 ipsum
792 551 939 620 etiamin
950 549 1155 618 contrariam

145 673 305 742 universo
321 685 451 766 partem
469 703 476 741 :
492 675 539 742 sic
555 675 647 742 enim
663 672 751 742 salva
770 683 848 741 sunt
866 668 1102 764 phaenomena.

198 792 240 862 Et
262 793 450 878 secundum
475 795 615 864 alteram
633 791 960 870 considerationem,
980 779 1022 861 sit
1039 813 1156 860 excen-

145 917 249 984 tricus
265 916 412 986 circulus
430 910 506 995 ελυξ
521 919 608 986 circe
628 929 783 986 centrum
802 943 822 982 κ
843 945 850 984 :
870 912 963 1009 quod
979 911 1021 984 ad
1039 911 1156 986 Solem
1261 945 1266 956 ·

146 1050 288 1130 spectat,
313 1038 458 1108 circulus
481 1040 553 1132 ipsc
576 1029 667 1116 ελυξ,
692 1039 779 1106 intra
798 1059 927 1106 annum
949 1058 1020 1106 sese
1043 1059 1157 1130 equa-

146 1154 260 1228 biliter
277 1183 423 1228 movens
439 1161 528 1228 circa
549 1187 569 1227 κ
587 1172 745 1230 centrum
764 1155 945 1251 ferensque
968 1153 1074 1226 snum
1096 1155 1156 1226 So

146 1281 214 1348 iem
234 1281 268 1348 in
283 1294 413 1374 puncto
432 1309 464 1360 e,
483 1278 633 1352 servabit
651 1278 892 1374 phaenomena,
913 1281 940 1348 si
957 1307 978 1348 κ
1000 1291 1158 1348 centrum

148 1403 260 1494 ipsum
279 1425 349 1474 nou
369 1425 431 1497 per
448 1426 518 1474 sese
536 1401 694 1498 quidem,
716 1427 780 1472 nec
800 1405 834 1472 in
858 1403 1061 1473 contrariam
1084 1403 1157 1468 uni·

147 1547 246 1594 verso
264 1540 396 1618 partem
411 1537 599 1604 moveatur,
616 1522 676 1594 scd
689 1521 861 1594 deseratur
873 1523 973 1594 simul
990 1547 1070 1592 cum
1088 1525 1159 1592 uni-

147 1667 258 1724 verso,
275 1659 309 1714 et
321 1644 475 1740 quotidie
490 1644 659 1718 describat
671 1675 737 1744 κρπ
749 1645 916 1716 circulum
929 1667 1068 1740 aequum
1082 1643 1160 1714 alte

146 1768 215 1836 rius
227 1767 505 1840 considerationis
518 1770 656 1840 circulo.
670 1768 726 1840 Sic
737 1771 831 1840 enim
843 1767 901 1840 Sol
914 1765 1013 1840 faciet
1024 1791 1160 1862 semper

145 1890 180 1956 in
199 1887 318 1960 iisdem
336 1889 420 1960 locis
442 1893 605 1962 maximas
623 1916 641 1960 a
660 1889 774 1970 Terra,
786 1889 973 1970 distantias,
992 1902 1026 1958 et
1043 1911 1159 1958 rursus

147 2012 182 2078 in
193 2010 264 2080 aliis
276 2035 412 2105 semper
424 2011 547 2082 iisdem
557 2013 732 2091 minimas,
748 2024 783 2080 et
795 2009 949 2080 similiter
961 2011 996 2078 in
1007 2007 1078 2078 aliis
1090 2033 1159 2078 me-

147 2128 233 2210 dias,
248 2133 375 2202 scilicet
388 2136 548 2204 maximas
562 2136 598 2202 in
614 2135 734 2226 quinto
753 2147 787 2202 et
801 2130 960 2210 dimidio,
978 2143 1017 2200 ut
1029 2129 1160 2202 dictum

147 2267 213 2330 est,
225 2252 331 2349 gradu
342 2253 584 2334 Geminorum,
597 2257 752 2354 minimas
763 2251 934 2339 incudem
943 2251 1049 2348 gradu
1059 2253 1160 2348 Sagit-

146 2376 236 2452 sarii,
251 2399 290 2446 ac
303 2374 432 2446 menas
445 2376 599 2447 similiter
611 2378 646 2446 sn
660 2349 781 2446 isnin
793 2373 955 2470 gradihus
969 2373 1114 2471 virgins
1127 2391 1160 2446 es

147 2495 399 2570 Piscium.Nam
409 2502 588 2570 excentrici
597 2513 801 2593 punctums
811 2501 846 2568 in
855 2521 924 2592 quo
932 2510 982 2568 est
991 2495 1159 2579 Sol‚dum

145 2621 191 2688 sic
211 2622 339 2716 positus
357 2633 408 2690 cst
425 2621 590 2700 circulus,
611 2618 675 2690 sub
695 2619 848 2690 Geminis
867 2622 997 2698 visum,
1018 2617 1159 2690 aTerra

145 2743 291 2812 maxime
307 2740 425 2824 distat;
442 2743 570 2814 circulo
585 2756 699 2813 autem
716 2765 788 2812 sese
803 2743 962 2814 volvente
978 2745 1064 2812 circa
1080 2769 1158 2814 cen-

147 2877 237 2932 tmm
251 2893 286 2942 κ,
302 2878 470 2957 punctum
483 2893 514 2944 ε,
529 2889 570 2936 eo
588 2865 788 2936 translatum
807 2863 867 2935 ubi
882 2889 973 2934 nunc
990 2879 1039 2936 est
1054 2895 1087 2944 υ,
1104 2890 1160 2960 ao

190 3127 200 3156 ⁹
221 3129 254 3188 ln
269 3129 367 3193 codice
382 3137 444 3194 alst.

182 3229 202 3258 ¹⁰
225 3230 258 3290 In
273 3233 371 3294 codice
386 3240 501 3313 μέσους.

180 3331 199 3362 ¹¹
223 3334 257 3393 ln
273 3335 371 3397 codice
386 3337 431 3408 εξ.
447 3352 586 3401 consueto
601 3335 713 3400 librarii
728 3362 835 3402 errore.

181 3435 203 3465 ¹¹
224 3437 258 3496 In
274 3436 373 3499 codice
385 3439 466 3502 deest
478 3452 538 3514 τῆς.

179 3538 200 3570 ¹³
223 3540 257 3600 ln
271 3539 370 3602 codice
385 3546 552 3627 ἐγκέπρου.

182 3641 202 3671 “
224 3643 282 3704 Pro
295 3648 331 3704 τὸ
345 3668 376 3713 κ,
392 3647 424 3706 ἱη
439 3646 538 3710 codice
552 3651 694 3732 scriptum
709 3661 752 3710 est
766 3653 826 3710 τόν.

180 3743 200 3775 ¹⁶
222 3744 346 3829 Signum
363 3749 439 3808 vocis
454 3754 574 3833 κέντρον
589 3764 665 3814 recte
683 3764 841 3814 exaratum.

182 3846 202 3876 ¹⁸
224 3848 257 3908 In
273 3849 372 3911 codice
388 3856 575 3929 μεταπεσώνς
592 3855 643 3916 sed
657 3856 781 3917 refertur
795 3857 831 3917 ad
845 3861 880 3916 τὸ
895 3878 911 3915 ε
925 3863 1057 3934 σημεῖον.
1153 3837 1155 3841 ,
