2964 4824
404 457 410 466 .
475 409 531 472 ott
553 407 850 471 Asrttottottta.
1105 409 1167 476 263

158 548 324 628 punctum
342 532 527 602 altitudinis
543 531 663 604 eadem
677 532 761 604 hora
774 529 841 602 diei
854 555 1033 626 apparere3
1052 546 1086 602 et
1101 557 1166 604 res·

158 657 322 726 titutionis
345 653 535 726 secundum
557 651 773 726 latitudinem
795 667 944 748 tempus,
960 654 1052 740 'intra
1073 652 1167 748 quod

157 775 200 844 ab
227 775 348 846 eodem
373 791 520 872 puncto,
548 778 694 846 maxime
722 776 914 870 aquilonius
939 789 996 846 aut
1021 776 1167 846 maxime

157 899 309 968 australis
327 897 446 978 sactus,
466 897 509 968 ad
527 897 619 967 idem
637 886 805 992 punctum
823 897 925 977 redit,
942 899 988 966 ita
1006 911 1044 966 ut
1061 923 1166 994 aequae

51 1070 54 1082 ,
156 1021 279 1089 iterum
295 1019 475 1089 videantur
490 1018 693 1090 eorumdem
706 1040 920 1114 gnomonum
932 1017 1079 1096 umbrae‚
1095 1017 1165 1090 die-

156 1166 235 1210 rum
256 1165 328 1211 esse
347 1138 418 1210 lere
438 1139 511 1210 365
538 1135 610 1237 1s8‚
632 1154 665 1210 et
687 1141 833 1208 siceum
853 1137 894 1208 ad
912 1138 1004 1210 idem
1021 1138 1166 1210 latitudi-

157 1263 209 1332 nis
223 1276 391 1356 punctum
408 1259 529 1332 eadem
542 1261 627 1332 hora
645 1260 714 1332 diei
730 1274 809 1356 post
826 1277 903 1332 octo
921 1284 1028 1330 annos
1044 1259 1165 1333 redire.

552 1441 652 1500 [canor
667 1439 773 1498 ntur]

227 1539 268 1586 ott
286 1537 476 1588 CETERORUM
495 1539 673 1589 contortum
690 1538 858 1588 astnotttttt
875 1537 1100 1588 nasttrttrtona

511 1623 540 1671 IN
559 1623 637 1670 totttt
654 1623 807 1670 PUNCTUM.

207 1746 312 1835 Quod
335 1747 378 1818 ad
407 1761 517 1818 cetero
543 1762 688 1842 spectat,
715 1749 877 1844 quoniam
903 1749 1088 1842 unicuique
1114 1773 1166 1818 er-

155 1871 303 1940 rantium
332 1883 500 1942 astrorum
528 1871 677 1942 multum
704 1871 835 1942 variant
863 1870 979 1940 omnia
1007 1867 1165 1964 praedicta

155 2005 324 2085 tempora,
340 2007 373 2064 et
386 1992 442 2062 ¹his
460 1995 581 2088 magis,
601 1993 665 2062 illis
683 1995 812 2074 minus,
828 2015 868 2062 ea
886 2016 962 2086 quae
980 1992 1165 2085 unicuique

156 2111 243 2182 fiunt
260 2127 424 2208 apparent
440 2116 546 2209 magis
563 2115 656 2186 varia
675 2127 709 2184 et
731 2113 882 2208 quodam
900 2111 1005 2184 modo
1024 2111 1167 2184 mutabi-

155 2236 200 2306 lia
218 2234 405 2306 secundum
424 2250 604 2332 utramque
627 2235 862 2333 hypothesim,
884 2260 992 2330 quum
1002 2238 1076 2332 jam
1094 2259 1165 2306 non

156 2358 243 2431 intra
256 2381 393 2453 aequum
408 2373 543 2454 tempus
558 2371 592 2428 ct
609 2381 724 2442 errans
740 2371 868 2430 astrum
887 2355 1049 2452 quodque
1064 2381 1166 2428 suum

157 2479 260 2574 ipsius
275 2479 465 2576 epicyclum
479 2482 664 2550 circumeat
678 2493 713 2550 ct
726 2478 895 2576 epicyclus
910 2479 1167 2551 concentticum

156 2602 338 2681 circulum,
352 2601 411 2672 sed
425 2603 496 2672 aliis
510 2616 624 2673 motus
635 2601 692 2672 hio
709 2601 769 2670 illo
784 2601 937 2680 celerior,
949 2601 1021 2670 aliis
1039 2599 1167 2670 tardior

155 2724 216 2803 sit,
241 2738 382 2819 propter
406 2725 589 2820 inaequales
617 2723 824 2793 circulorum
854 2720 1103 2816 magnitudines
1127 2746 1166 2792 ac

155 2857 296 2940 propter
306 2845 489 2940 inaequales
503 2843 649 2916 emedio
664 2844 814 2914 universi
827 2839 1014 2922 distantias,
1030 2857 1165 2938 praeter-

156 3108 241 3169 Vocis
261 3113 426 3195 utriusque,
448 3112 530 3172 nott
555 3125 584 3174 et
606 3110 733 3182 collat,
749 3112 828 3174 idem
849 3133 938 3174 sonus
954 3111 1032 3195 apud
1051 3111 1165 3174 Grecos

157 3213 329 3285 recentiores
343 3241 349 3272 ι
365 3214 434 3276 inde
447 3214 560 3292 librarii
574 3237 663 3279 error.

199 3314 208 3342 ⁸
231 3316 376 3380 Articulus
388 3323 415 3380 ol
428 3320 457 3378 in
469 3319 569 3380 codice
581 3321 708 3398 omissus
721 3332 763 3382 est
777 3346 783 3379 ε
797 3321 905 3403 quippe
917 3321 969 3403 qui
980 3330 1045 3402 post
1055 3316 1167 3378 πολλοὶ

156 3416 266 3480 inutilis
282 3419 439 3482 videbatur.
456 3421 527 3492 Sed,
543 3421 668 3506 legendo
683 3423 778 3498 acolt,
796 3445 865 3500 cum
881 3425 1033 3500 restituere
1045 3432 1168 3503 oportet.

200 3520 209 3548 ⁹
232 3521 265 3580 In
281 3522 379 3582 codice
393 3523 609 3606 wotntldrepov.

190 3623 208 3651 ¹⁰
231 3624 265 3687 In
280 3624 380 3686 codice
395 3630 447 3687 οὐκ
460 3625 509 3686 ἐτ’.

191 3726 207 3756 ¹¹
233 3727 266 3789 ln
282 3726 380 3788 codice
395 3729 557 3810 έκκευτρον.
575 3731 647 3808 Vide
663 3732 764 3792 Notam
780 3753 827 3792 nn.

189 3828 208 3856 ¹²
232 3829 288 3888 Pro
298 3850 349 3903 =re,
365 3831 396 3888 in
412 3829 509 3892 codice
524 3829 562 3891 δέ.
