3016 4826
292 413 296 422 ·
330 402 391 464 litt
635 399 863 462 CHALCIDH
884 400 1024 462 LOCUS

328 535 412 584 vetur
425 543 514 606 prope
528 522 697 606 quotidiana
710 534 860 584 momente
876 521 1000 604 singule.
1021 520 1161 584 Similiter
1184 534 1285 584 oeterae
1304 522 1335 582 li·

329 647 391 686 neae
403 648 443 706 χα
455 637 484 686 et
495 647 537 706 χγ
548 623 735 704 moueantur¹
751 625 782 684 iu
795 625 1008 708 quinquaginta
1021 637 1180 690 momente.
1192 625 1235 686 Sit
1249 645 1335 708 porro

328 725 387 808 χα’
401 729 478 790 lineo
491 729 523 788 in
535 739 615 811 perte
628 727 763 796 orientis,
777 725 839 808 χγ3
855 747 922 788 vero
936 729 1016 788 linea
1026 728 1058 786 in
1071 739 1153 811 parte
1165 727 1334 788 occidentis.

330 829 398 889 Haec
411 831 543 913 quidem,
560 831 649 892 idest
667 819 725 910 χγι
738 829 831 899 lines,
854 831 932 912 prior
949 830 1085 892 occidens
1100 843 1129 892 et
1143 830 1222 914 prior
1239 831 1335 892 oriens

329 954 420 1015 quam
438 931 501 1003 Sol;
521 933 571 994 ille
589 955 656 995 vero
675 932 731 994 elis
749 931 809 1013 χα“
832 933 975 1015 posterius
994 933 1129 994 occidens
1148 944 1177 993 et
1193 933 1335 1014 posterius

330 1039 470 1097 exoriens.
486 1036 609 1098 Necesse
622 1049 666 1098 est
678 1037 768 1119 igitur
788 1047 821 1096 ut
834 1035 895 1097 hoeo
910 1036 1046 1118 quidem,
1062 1035 1094 1096 id
1107 1046 1150 1096 est
1168 1034 1227 1116 χα“
1244 1035 1335 1104 lineo,

330 1137 508 1200 demonstret
526 1139 693 1200 Luciferum
711 1138 762 1200 in⁷
783 1139 878 1201 littere
897 1137 935 1200 α’
957 1140 1135 1222 Hesperum,
1151 1160 1186 1200 eo
1204 1138 1337 1200 videlieet

292 1321 294 1328 Ι
331 1251 535 1326 temporeque
549 1243 651 1304 eedem
666 1241 747 1322 stelle
761 1243 878 1326 longius
893 1265 910 1302 a
924 1241 992 1304 Sole
1006 1243 1186 1312 discesserit,
1201 1242 1251 1303 illu
1269 1263 1335 1304 vero

332 1343 388 1403 alia
398 1343 489 1413 linea,
504 1345 535 1405 id
548 1357 591 1406 est
602 1367 644 1426 χγ
655 1343 675 1415 ⁹,
689 1345 824 1406 eumdem
837 1344 950 1408 stellam
962 1345 1141 1430 demonstret
1152 1365 1214 1406 esse
1224 1345 1336 1406 Lucife-

333 1466 400 1504 rum
415 1446 593 1528 temporibus
607 1448 758 1507 matutinis
777 1448 808 1507 in
828 1447 911 1530 siguo
927 1447 1028 1508 litterae
1045 1469 1076 1526 γ.
1095 1447 1159 1508 Hoc
1175 1458 1273 1508 autem
1287 1446 1336 1507 liet

316 1553 320 1563 '
333 1549 469 1629 apertius,
485 1551 509 1609 si
522 1571 574 1634 per
588 1550 646 1630 χκὲ
656 1549 674 1580 ¹⁰
689 1550 796 1612 lineam
812 1551 1047 1612 circumducatur
1059 1549 1198 1618 circulus,
1209 1551 1261 1634 qui
1271 1571 1337 1610 cou-

334 1651 425 1733 tinget
440 1651 513 1710 dues
527 1673 544 1711 a
558 1673 589 1712 se
604 1651 742 1714 distantes
756 1652 862 1722 linens,
877 1654 908 1713 id
924 1664 967 1715 est
982 1675 1025 1733 χα
1038 1664 1068 1714 et
1081 1639 1163 1732 χγ“’ι
1180 1651 1275 1736 quae¹²
1290 1653 1337 1716 de·

333 1765 497 1814 monstrant
505 1743 632 1816 ¹modum
645 1755 827 1816 discessionis
842 1777 859 1815 a
873 1754 940 1817 Sole
951 1755 1079 1818 Luciferi
1091 1753 1122 1801 ¹³*

375 1858 413 1918 At
430 1879 498 1920 vero
516 1857 609 1928 Plato,
624 1860 735 1942 quique
754 1858 843 1942 hujus
862 1860 1009 1942 indaginis
1028 1859 1196 1942 diligentius
1216 1880 1337 1920 examen

333 1959 474 2030 habuere,
488 1959 634 2020 affirmant
641 1957 663 1990 ¹⁴
675 1959 823 2044 eliquanto
832 1983 922 2044 quum
930 1962 1005 2024 Solis
1019 1982 1081 2024 esse
1095 1961 1271 2024 elatiorem¹⁵
1282 1964 1339 2024 Lu·

334 2064 412 2124 ciferi
431 2063 566 2146 globum,
587 2065 639 2146 qui
657 2063 799 2126 limitetur
818 2066 896 2126 uotis
915 2063 944 2133 ὃ,
966 2087 995 2134 ε,
1012 2066 1041 2134 ζ,
1058 2089 1090 2137 η,
1110 2065 1282 2147 contingens
1301 2088 1338 2126 κα

332 2167 453 2250 quidem
466 2167 574 2228 lineam
584 2187 636 2249 per
647 2188 663 2226 e
675 2165 814 2235 litteram,
824 2189 863 2246 κγ
875 2187 944 2228 vero
955 2188 1007 2249 per
1017 2191 1044 2239 η.
1056 2167 1167 2241 Quare,
1180 2181 1273 2251 quum
1284 2169 1338 2228 Lu·

333 2269 402 2330 cifer
413 2269 540 2330 lustrans
552 2268 693 2332 circulum
705 2270 857 2352 proprium
866 2268 886 2300 ¹⁶
898 2269 1051 2353 perveniet
1062 2269 1102 2342 ,ud
1111 2292 1141 2339 ε,
1154 2270 1299 2332 videbitur
1307 2272 1337 2332 in

369 2486 373 2510 ¹
393 2482 431 2532 sic
447 2481 494 2549 legi
510 2479 601 2532 volehet
615 2479 740 2538 Doblerus,
757 2490 815 2530 teste
832 2480 944 2534 Fabricio.
961 2483 993 2538 A,
1009 2483 1032 2530 M
1047 2490 1070 2530 et
1085 2483 1115 2538 F,
1133 2481 1266 2542 diuiduntur.
1279 2481 1337 2532 Vide

362 3491 378 3516 ¹¹¹
396 3493 422 3537 ln
435 3491 466 3546 A,
480 3491 503 3538 Μ
516 3499 539 3540 et
552 3492 583 3546 F,
598 3491 663 3557 quod.

362 3575 378 3601 ¹³
396 3573 453 3622 Vide
464 3576 547 3623 Notum
556 3594 575 3621 e.

366 3660 381 3686 V
399 3660 436 3715 M,
450 3659 571 3724 adfirmant.

364 3743 380 3768 ¹⁵
397 3744 434 3799 M,
448 3741 568 3791 clariorem.

363 3825 380 3852 ¹⁶
397 3824 423 3872 ld
436 3835 468 3874 est
480 3825 603 3892 epiryrlum.
616 3826 673 3875 Vide
686 3827 768 3876 iterum
779 3829 860 3876 Notum
869 3847 890 3876 e.
