2970 4822
333 400 392 462 110
624 396 820 458 Tflnouls
841 397 1048 458 SMYRNAEI
1152 409 1155 416 '

328 545 438 590 versus
448 531 639 594 moveretur,
654 533 687 586 et
694 521 773 586 Sciit
784 527 950 610 pesiqenm,
964 523 1031 596 vel,
1044 535 1081 588 ut
1093 545 1151 590 nos
1163 523 1352 612 loquimur,

335 636 436 700 Terre
456 635 648 720 perihodon,
672 635 765 700 annis
791 637 875 706 1661
901 645 1003 702 totum
1026 636 1146 702 zodiaci
1168 637 1351 706 cimicum
1459 705 1460 708 ,

330 757 547 836 percurreret:
561 769 661 833 qnem
677 747 780 834 reipsu
796 747 952 812 orientem
969 769 1077 814 versus
1093 751 1268 837 percurrit,
1285 755 1351 818 sed

331 860 423 925 annis
445 858 585 946 mplius
607 881 706 946 quam
734 860 857 944 209811.
882 861 907 924 E
930 861 1104 934 contrario,
1129 861 1349 928 Ptolemaeusl

330 971 413 1038 Solis
433 993 590 1060 apogeum
610 983 641 1036 et
660 972 826 1060 perigenm
845 993 887 1036 ne
908 993 973 1036 una
995 973 1128 1060 quidem
1145 995 1222 1040 cum
1241 975 1350 1040 stellis
1459 985 1460 1028 i

330 1084 543 1150 incruentibus
559 1107 632 1172 erga
649 1085 856 1150 solstitiorum
872 1083 1204 1172 oequinoctiorumqne
1220 1101 1349 1174 puncta

329 1199 451 1264 moveri
476 1197 591 1270 credit,
616 1195 672 1261 sed
693 1197 728 1260 in
753 1196 869 1262 iisdem
893 1197 1013 1262 zodiaci
1036 1197 1188 1284 gradibus
1212 1221 1348 1288 semper
1459 1213 1460 1216 ’

330 1331 477 1382 manere,
502 1310 537 1374 in
561 1308 680 1396 quibus
704 1308 879 1396 Hipparchi
903 1319 1047 1396 tempore
1074 1309 1234 1375 fuerantt.
1258 1312 1347 1398 Erga

330 1423 434 1488 stelles
450 1421 626 1487 inerrantes
648 1419 804 1485 orientem
820 1443 928 1486 verens
944 1421 1066 1487 moveri
1083 1421 1166 1487 Solis
1182 1443 1346 1510 apogeum

331 1546 363 1599 et
373 1533 554 1622 perigeum,
567 1533 600 1596 in
614 1532 799 1598 Graeoornm
808 1535 1092 1620 Romanorumque
1104 1535 1343 1607 astronomicis,

330 1657 488 1733 quotquot
497 1645 704 1716 habebamus,
715 1644 864 1730 operibus
877 1667 1037 1732 nusquam
1047 1645 1220 1731 legebatur,
1234 1669 1344 1733 neque

330 1758 427 1824 etiam
443 1756 531 1849 apud
548 1755 753 1820 Albeteuium
763 1767 819 1822 ant
830 1757 917 1844 apud
929 1756 1154 1821 ibn-Yonnis³.
1172 1757 1254 1822 Ecce
1265 1780 1343 1824 vero

330 1869 442 1934 Theon
459 1868 642 1958 Smymaeus
665 1867 775 1932 solaris
796 1869 906 1955 apogei
923 1869 958 1932 in
976 1869 1104 1934 zodiaco
1122 1880 1249 1934 monim
1266 1891 1341 1956 erga

330 1980 519 2067 equinoctia
533 1991 564 2044 et
574 2002 647 2066 erga
661 1979 765 2044 stellas
773 1980 844 2066 jam
856 1979 1085 2052 affirmaverat,
1097 1991 1128 2046 et
1144 1981 1188 2045 ita
1206 1981 1341 2068 quidem

324 2093 413 2180 justo
429 2092 573 2158 citiorem
590 2090 724 2163 fenerat,
744 2105 778 2156 ut
796 2093 894 2160 satius
910 2092 1007 2158 fuerit
1027 2115 1103 2158 eum
1123 2093 1269 2180 ignorare
1284 2106 1342 2158 ant

331 2226 461 2292 negare,
478 2226 578 2291 quem
591 2204 686 2268 talem
699 2204 827 2270 credere
836 2207 858 2268 ⁴.
875 2206 914 2268 Et
926 2215 1034 2269 tamen
1050 2204 1237 2292 opinionem
1248 2204 1341 2268 iiiam

330 2316 467 2382 examini
492 2315 648 2402 subjicere
674 2327 797 2383 tentans
823 2316 939 2404 aliquis
963 2339 1076 2381 verum
1102 2316 1341 2402 tardioremque

330 2439 455 2493 motum
464 2427 608 2494 invenire
617 2439 748 2516 poterat.
762 2428 868 2506 Quem
884 2439 991 2493 autem
1007 2429 1041 2492 in
1053 2427 1104 2492 his
1119 2428 1285 2499 omuibus,
1297 2429 1341 2494 ab

330 2539 1339 2626 HipparchoetPtolemaeoalienisetaChalcidioomissis.Theon
1459 2615 1460 2634 χ

331 2661 492 2716 auctorem
501 2649 1340 2738 semnusit‚nescimus:i³osidoniumesseequidem
1459 2639 1460 2644 ἵ

331 2763 506 2850 suspicatus
527 2763 659 2836 inerim,
679 2787 776 2851 quem
794 2765 904 2829 Noster
925 2764 960 2828 in
978 2763 1090 2850 cupitis
1110 2784 1170 2826 un
1192 2761 1257 2826 fine
1274 2784 1340 2828 non

371 2951 378 2978 ¹
401 2947 482 3020 Comp.
502 2945 575 3000 neoti.
591 2949 641 3007 111,
662 2954 718 3006 iet
732 2955 762 3012 6;
780 2949 926 3022 Hypotieses
945 2947 1077 3000 enuntiem
1096 2954 1229 3008 astrorum,
1246 2967 1272 3022 p.
1292 2953 1339 3007 id-

334 3043 367 3095 Ιι5
382 3039 489 3092 Halmae.

370 3135 380 3166 ²
400 3133 550 3188 Errantium
563 3136 669 3208 quidem
691 3133 825 3189 stellarum
839 3120 957 3208 quinque
969 3153 1077 3208 apogcn‚
1097 3153 1262 3208 nequaqnam
1281 3153 1340 3188 vern

332 3225 399 3280 sotis
410 3243 550 3300 apogeum,
563 3229 776 3301 equinoctiorum
790 3229 958 3301 precessione
969 3227 1037 3282 effici
1050 3228 1162 3282 credidit
1173 3227 1339 3282 Ptolomeus.

332 3319 398 3374 Vide
410 3317 424 3373 S
438 3321 480 3375 13.
598 3327 602 3332 '

370 3417 381 3445 ³
400 3411 491 3468 vides
507 3415 547 3466 13.

371 3511 380 3540 ⁴
401 3509 438 3561 Ne
450 3509 573 3581 conjicies
585 3510 611 3560 in
625 3509 714 3564 codice
726 3529 808 3582 greco
821 3529 875 3564 esse
888 3509 1004 3582 aliquem
1018 3508 1122 3562 numeri
1136 3527 1267 3568 morou,
1282 3527 1338 3580 pro·
1358 3540 1362 3544 -

333 3599 406 3653 bibet
421 3601 492 3673 qnod
509 3599 581 3654 addit
593 3614 695 3660 unctor.
709 3603 796 3656 Seium
807 3603 841 3655 ad
853 3602 924 3676 idern
938 3601 1085 3656 nitinsdiuis
1098 3611 1239 3674 punctum,
1259 3600 1287 3654 id
1299 3613 1341 3654 eat

333 3693 366 3746 ed
389 3693 506 3746 eumdem
528 3695 638 3748 uTerrn
656 3697 816 3758 distantiam,
840 3695 929 3748 eudem
948 3695 999 3748 diei
1024 3698 1087 3748 horu
1108 3693 1219 3766 singuiis
1239 3693 1341 3748 bienniis

333 3785 426 3837 redire.
