2964 4824
466 413 522 474 DE
544 411 841 473 ASTtt‘oNottlAi
1094 409 1158 472 283

150 537 290 631 oblique
308 541 386 608 sitos
404 541 483 633 eigs
501 539 725 611 inerrantium
742 533 908 630 sphseram
929 563 936 602 ι
956 536 1001 604 ite
1023 545 1061 602 ut
1080 557 1158 628 quse

150 660 216 730 illis
241 662 356 730 insunt
383 669 494 740 astra,'
519 663 742 730 inerrantium
770 657 915 752 simplici
942 653 975 726 et
1000 653 1157 750 aequabili
1196 663 1213 688 '¹'

150 779 447 877 mumdelutn,per
455 779 595 850 accidens
604 783 675 874 ipsa
684 778 864 850 videantur
872 778 1159 873 multiplicesinas

150 901 371 998 quabilesque
383 916 420 972 et
433 905 542 974 varios
558 904 693 996 exsequi
706 909 837 981 motus}
856 901 949 969 etsie
963 897 1159 968 describunt

150 1024 439 1103 circumstance,
463 1047 614 1117 quorem]
628 1023 692 1092 ‘elii
716 1017 938 1102 concentiici,
962 1022 1017 1090 alii
1040 1044 1158 1090 excen-

150 1148 243 1224 mci,
263 1145 318 1216 elii
336 1145 479 1240 epicycli
496 1157 584 1217 sunt.
609 1142 677 1214 Sed
700 1142 989 1237 ut·intelligentur
1010 1165 1087 1236 qum
1109 1141 1158 1212 di·
1217 1165 1219 1173 ¹

151 1267 280 1347 cimus·
292 1265 442 1336 breviter
454 1267 556 1335 stiam
572 1264 681 1334 dehis
696 1263 951 1360 exptn'endum3
971 1262 1158 1334 secundum

152 1399 243 1467 edm,
256 1393 340 1482 'quae
357 1385 456 1457 nobis
472 1388 657 1456 necessaria
675 1385 717 1456 ad
735 1385 943 1480 sphaerarum
957 1399 1159 1456 structuram

151 1508 294 1591 videtur,
317 1509 591 1604 descriptionem.
714 1531 719 1542 ’

201 1631 253 1700 Sit
269 1630 399 1726 sphoera
417 1655 499 1701 csva
513 1632 737 1700 inerrantium
759 1629 933 1699 stellamm
954 1625 1051 1720 οέγὸ,
1071 1629 1159 1700 circa
1262 1658 1294 1723 ᾗ.

151 1765 307 1822 centrum
331 1753 536 1831 universio,
560 1750 666 1822 solida
691 1755 726 1820 in
752 1749 966 1823 altimdinem
992 1777 1046 1832 αις
1072 1750 1162 1820 illius
1219 1729 1230 1757 ²

150 1878 264 1944 eut'em
282 1874 438 1944 diametri
453 1903 495 1965 ay
513 1889 546 1943 et
561 1871 601 1943 Sel
608 1905 616 1956 3
633 1887 666 1943 et
680 1873 886 1968 intelligatur
899 1869 983 1962 αέγδ
995 1874 1161 1944 maximus'

152 2021 221 2066 esse
248 1995 393 2066 circulus
420 2010 455 2064 et
481 2021 544 2090 per
567 1999 658 2090 signa
685 1993 835 2075 medium
864 2008 938 2062 tum
967 1993 1045 2073 slis,
1074 1991 1160 2062 inlrn

151 2121 316 2210 priorem,
337 2141 413 2211 quae
432 2131 481 2186 est
498 2121 586 2186 circs
609 2117 700 2186 idem
723 2129 897 2194 centrum,
918 2131 997 2186 cava
1021 2118 1161 2184 errantis

153 2241 232 2308 asu-i
249 2237 378 2331 sphaera
396 2265 474 2334 ερατ
487 2253 526 2307 -et
548 2239 655 2330 πχυψ,
680 2234 785 2306 solida
808 2239 843 2306 in
867 2235 1080 2306 altitudinem
1103 2265 1159 2318 em

153 2369 187 2428 et
195 2361 283 2428 initu
291 2359 379 2428 hsnc
389 2359 603 2428 altitudinem
614 2356 917 2429 silsolidaomnino
928 2353 1158 2453 sphaerasdsns,

152 2479 294 2550 infixum
313 2481 375 2550 sibi
394 2479 504 2550 ferens
519 2484 701 2550 erraticum
720 2493 846 2550 astrum
865 2481 899 2548 in
918 2494 1087 2573 punctos.
1106 2477 1161 2549 At-

152 2626 218 2694 que
245 2625 364 2672 cmnes
388 2601 540 2672 ferantur
566 2601 688 2672 eodem
711 2625 825 2672 versus
847 2600 1057 2702 aequabiliter
1079 2603 1161 2670 sim-

152 2722 296 2816 plicibus
311 2721 461 2793 motibus
479 2722 521 2792 ab
541 2737 618 2793 ortu
634 2723 676 2792 ad
695 2747 867 2801 occasum,
883 2735 916 2791 et
930 2746 968 2792 ea
983 2723 1068 2802 sola,
1085 2729 1161 2820 quae

153 2858 284 2914 motum
305 2846 490 2940 erraticiin
509 2843 722 2914 latitudinem
742 2841 877 2923 definit,
899 2846 1065 2913 contrarie
1087 2868 1160 2914 ver-

155 2977 252 3046 tatur,
268 2979 325 3045 aut
337 2965 460 3037 eodem
474 2990 606 3046 versus,
623 2965 682 3036 sed
692 2991 785 3062 poue
798 2953 1010 3066 relinquatur
1021 2979 1162 3060 propter

155 3084 355 3156 tarditatem.
376 3087 527 3181 Utroque
551 3091 643 3158 enim
666 3088 770 3159 modo
793 3087 881 3159 salve
903 3101 1003 3156 erunt
1025 3086 1161 3181 phseno-

155 3230 265 3273 mena.
286 3205 352 3274 Sed
370 3210 593 3278 inerrantium
610 3209 739 3302 sphaera
756 3222 905 3279 vertatur
920 3210 1048 3277 circum
1064 3233 1161 3277 axem

154 3325 196 3395 ad
217 3327 500 3419 perpendiculum
525 3329 784 3423 [aequinoctialis
808 3330 922 3398 circuli
945 3331 1107 3423 planitiae,
1128 3343 1161 3398 et

199 3518 207 3546 ¹
232 3519 263 3577 ln
280 3518 379 3578 codice
399 3520 565 3602 llloe‘rwvos,
587 3522 710 3582 ridiculo
730 3539 840 3583 errore..
858 3524 943 3583 Recte
957 3526 1098 3606 scriptum
1119 3536 1161 3583 est

155 3619 243 3702 paulo
258 3619 332 3679 infra
347 3626 365 3688 ἦ
379 3619 463 3692 κοίλη
478 3631 528 3682 τοῦ
541 3624 700 3696 miseritos.

142 3759 145 3766 .
189 3721 208 3750 ¹⁰
231 3721 344 3782 Dehas
358 3726 565 3804 propositione,
581 3729 645 3788 vide
661 3729 731 3788 Diss.
750 3739 819 3809 pert.
833 3727 871 3794 ll,
889 3751 911 3786 c.
929 3748 972 3795 ιν,
986 3729 998 3785 l
1018 3729 1062 3788 18.

42 3831 64 3850 '¹
188 3823 206 3853 ¹¹
230 3825 263 3882 ln
279 3823 378 3885 codice
393 3825 535 3886 ὡπλανῶν.
