2964 4824
471 424 526 484 DE
549 421 848 484 ASTRONOMIA.
1096 427 1154 490 281

207 547 340 618 Deinde
357 541 516 642 supputat
530 547 737 627 Aristoteles,
752 551 779 618 si
793 551 867 644 quis
879 549 1025 620 voluerit
1041 573 1158 618 earum

155 671 401 764 compositione
418 670 506 740 salva
523 693 592 739 esse
613 668 851 764 phaenomena,
872 673 1093 740 erraticorum
1115 695 1160 742 as

155 792 484 883 trorumunicuique
497 790 575 860 alias
588 814 658 860 esse
672 793 810 884 insuper
822 789 983 884 sphaeras,
1000 815 1068 860 uua
1079 815 1160 885 pau-
1187 835 1194 850 ·

155 915 263 982 ciores
278 909 522 990 deserentibus,
544 913 578 978 in
598 914 802 981 contrariam
822 924 952 1004 partem
969 925 1158 990 moventes,

154 1035 224 1102 sive
239 1057 334 1100 suam
353 1034 470 1126 ipsius,
489 1033 558 1100 sive
573 1031 710 1102 illorum
725 1029 814 1101 hanc
837 1034 1034 1125 opinionem
1054 1031 1160 1104 decla·

155 1178 243 1223 rans.
255 1151 374 1239 Quum
386 1154 477 1222 euim
488 1165 664 1222 censerent
674 1165 800 1221 naturae
814 1175 883 1222 esse
895 1167 1160 1225 consentaneum

156 1273 280 1344 eodeni
300 1297 416 1344 versus
441 1275 555 1342 omnia
581 1269 677 1352 ferri,
705 1270 861 1342 viderent
883 1286 997 1342 autem
1022 1277 1161 1344 erratica

156 1397 258 1464 etiam
274 1397 439 1467 contrarie
454 1394 625 1474 translata,
643 1392 869 1489 conjiciebant
881 1396 917 1464 in
936 1391 1160 1466 deserentium

155 1517 336 1588 intervallis
354 1541 424 1586 esse
443 1529 600 1611 oportere
618 1515 696 1584 alias
717 1515 895 1610 quasdam,
912 1515 1049 1595 solidas,
1069 1529 1107 1586 ut
1125 1516 1162 1586 li-

155 1651 250 1732 quet,
269 1636 428 1732 sphaesas,
448 1634 570 1730 quibus
587 1660 658 1706 sese
675 1639 761 1732 ipsas
777 1635 993 1708 moventibus
1011 1635 1162 1708 deseren-

154 1773 203 1828 tes
216 1761 251 1828 iu
268 1761 470 1829 contrariam
487 1772 618 1851 partem
632 1757 771 1853 sphaerae
789 1758 1017 1840 revolvantur,
1033 1773 1068 1830 et
1084 1785 1161 1855 quae

153 1878 231 1950 ideo
249 1883 334 1975 ipsas
352 1893 507 1976 tangant,
527 1881 612 1948 sicut
627 1882 663 1948 in
682 1878 818 1974 sphaeris
831 1877 1012 1950 artificiose
1029 1883 1161 1950 structis

154 2025 193 2070 ea
208 2025 284 2096 quae
301 2001 463 2072 dicuntur
479 2014 653 2096 tympana,
666 2025 737 2072 sese
755 2004 926 2073 moventia
940 2004 1070 2072 circum
1084 2025 1160 2072 cen-

154 2137 247 2191 trum
264 2147 364 2192 suum
380 2125 518 2216 proprio
534 2120 683 2218 quodam
702 2136 814 2200 motu,
834 2122 988 2192 dentium
1007 2123 1159 2216 implica-

154 2245 247 2312 tione
266 2246 301 2314 in
321 2244 524 2312 contrariam
536 2256 667 2337 partem
680 2257 819 2314 movent
831 2269 870 2314 ac
881 2244 1061 2314 revolvunt
1074 2241 1159 2314 infra
1218 2325 1219 2330 ἵ

155 2367 261 2457 posita
279 2379 313 2434 ct
328 2367 495 2457 tangentia
513 2388 665 2458 corpora.
1163 2351 1167 2358 ’

561 2593 661 2650 [curor
676 2594 758 2638 xxxu.

276 2704 316 2752 uu
334 2703 508 2754 HYPOTuust
526 2706 633 2755 nuncu
651 2707 780 2754 unwan
800 2707 1043 2774 consumtum]

142 2917 149 2922 -
206 2868 264 2936 Est
275 2885 388 2938 autem
400 2895 515 2939 rerum
527 2885 655 2940 naturae
666 2896 745 2942 vere
756 2887 1036 2951 consentaneum,
1052 2869 1156 2967 sphae-

156 3011 207 3076 ras
220 3009 336 3058 omnes
349 2987 429 3060 ferri
444 2991 567 3062 eodem
579 3017 709 3070 versus,
725 2995 942 3064 circumactas
956 2995 1158 3062 extrinsecus

156 3109 345 3184 involvente
363 3111 507 3208 sphaera,
527 3113 584 3182 sed
605 3127 638 3181 et
655 3108 795 3208 proprio
813 3129 927 3195 motu,
947 3129 1086 3209 propter
1104 3137 1158 3185 or-

156 3228 272 3297 dinem
282 3233 468 3323 positionis,
481 3233 641 3328 locosque
655 3248 688 3302 et
700 3235 962 3330 magnitudines,
976 3235 1035 3304 has
1046 3238 1157 3315 citius,

154 3349 226 3418 ilias
245 3349 385 3430 tardius,
406 3356 571 3421 contrarie
595 3352 675 3423 ferri
698 3358 826 3426 circum
851 3381 924 3425 axes
948 3361 1103 3451 proprios
1125 3371 1159 3426 et

154 3541 244 3607 malo;
261 3561 329 3600 nam
344 3541 480 3623 deinceps
495 3565 554 3604 non
574 3545 611 3606 de
631 3545 766 3629 Calhppi,
784 3559 833 3607 aut
854 3547 1028 3615 Aristotelis,
1049 3547 1099 3608 sed
1121 3547 1158 3605 de

153 3645 279 3706 auctoris
293 3645 384 3724 ipsius
399 3644 550 3726 hypothesi
565 3650 668 3730 agitur.

145 3764 149 3789 ¹
196 3745 206 3774 ⁹
229 3745 262 3804 In
276 3744 377 3804 codice
391 3755 605 3831 περιαγομένῳ.

187 3847 207 3876 ¹⁰
229 3847 262 3906 In
278 3846 378 3907 codice
393 3845 531 3928 ἐξωτάτῳ.
