2958 4824
492 439 547 502 DE
569 439 869 502 Asrsottotsst.
1129 439 1187 503 169

175 591 216 635 ea
230 580 351 636 natura
364 565 441 636 data
455 590 525 638 non
539 582 627 637 sunt.
647 565 774 638 Natura
792 591 873 662 ergo
892 565 978 648 dati,
994 565 1030 636 id
1043 581 1095 638 est
1108 571 1189 638 exis-

176 701 285 757 tentes
309 703 343 758 et
369 687 518 768 stabiles,
542 702 622 758 sunt
644 689 888 784 aequinoctialis
908 702 942 758 et
963 691 1023 784 qui
1046 688 1189 759 suntab

176 823 321 903 utraque
338 824 451 905 parte,
473 823 548 879 tum
566 813 749 904 positione,
760 825 845 881 atum
864 809 1109 904 magnitudine.
1125 811 1189 882 Zo-

177 929 292 1000 diacus
309 945 424 1004 autem
443 931 677 1026 magnitudine
696 931 793 1001 datus
809 945 858 1002 est
877 946 910 1001 et
927 935 1095 1026 positione
1114 957 1191 1028 arga

178 1054 303 1123 coelum
319 1058 446 1150 ipsum,
463 1053 522 1124 sed
539 1053 634 1149 quod
650 1052 692 1122 ad
711 1075 773 1124 nos
789 1056 922 1132 attinet,
940 1057 1108 1149 positione
1120 1079 1192 1126 non

178 1174 276 1244 datus
296 1189 360 1257 est,
378 1177 496 1246 locum
513 1179 606 1245 enim
626 1199 703 1269 erga
723 1199 785 1245 nos
804 1187 928 1254 mutat,
948 1189 1090 1268 propter
1110 1174 1194 1246 obli-

178 1319 289 1391 quum
311 1300 346 1366 in
368 1301 527 1367 universo
550 1300 653 1366 situm
673 1320 766 1366 nunc
787 1295 869 1376 hoc,
890 1321 983 1366 nunc
1006 1297 1066 1366 illo
1089 1295 1194 1368 modo

179 1443 281 1514 supra
297 1443 359 1490 nos
377 1422 518 1515 positus.
535 1417 744 1488 Meridianus
760 1439 844 1493 vero
860 1431 894 1486 et
912 1417 1053 1488 horizon
1068 1421 1194 1513 magni-

178 1539 298 1610 tudine
311 1539 379 1610 dati
392 1555 487 1620 sunt3
502 1542 639 1609 maximi
653 1541 797 1622 etenim3
810 1541 978 1634 positione
992 1551 1106 1610 autem
1123 1565 1195 1609 mu-

178 1661 297 1732 tabiles
311 1676 391 1763 sunt
404 1661 598 1732 secundum
616 1685 898 1757 unamquamque
916 1661 1032 1731 Terrae
1050 1664 1195 1732 mansio-

178 1808 274 1864 nem,
296 1783 352 1853 alii
368 1783 460 1878 apud
478 1785 561 1855 alios
575 1787 646 1855 visi.
661 1783 781 1879 Neque
799 1787 893 1855 enim
906 1781 1067 1854 omnibus
1080 1782 1195 1854 Terrae

177 1905 298 1975 incolis
317 1904 410 1974 idem
432 1921 482 1977 est
499 1905 658 1987 horizon,
675 1931 789 2000 neque
807 1905 969 1978 omnibus
986 1903 1079 1976 idem
1097 1908 1197 1976 meri-

178 2025 320 2098 dianum
338 2042 523 2123 punctum,
544 2042 579 2098 et
599 2051 679 2098 suus
699 2029 824 2122 cuique
844 2041 893 2097 est
913 2024 1121 2096 meridianus
1136 2027 1197 2095 cir·

179 2149 286 2220 culus.
305 2148 397 2222 Tum
422 2150 539 2220 circuli
555 2149 664 2244 polos
688 2171 821 2226 versus,
853 2145 889 2216 id
918 2161 968 2218 est
993 2149 1135 2217 arcticus
1163 2159 1197 2216 et

180 2273 398 2350 antarcticus,
425 2295 537 2366 neque
556 2269 849 2366 magnitudinibus
871 2269 940 2338 dati
962 2283 1061 2350 sunt,
1083 2289 1196 2362 neque

180 2390 422 2485 positionibus3
434 2391 508 2474 sed,
521 2391 713 2468 secundum
721 2389 949 2461 differentiam
959 2391 1064 2485 magis
1072 2402 1197 2460 austra-

181 2511 267 2582 lium
294 2527 352 2582 aut
373 2513 564 2586 borealium
591 2516 792 2608 regionum,
820 2511 911 2608 apud
938 2511 1004 2582 hos
1028 2515 1195 2608 majores.

181 2633 273 2728 apud
292 2635 368 2706 illos
393 2649 507 2706 autem
529 2639 679 2707 minores
699 2633 869 2715 videntur,
889 2637 976 2704 etin
996 2633 1112 2704 Terrae
1129 2656 1199 2702 me

180 2754 235 2826 dia
248 2760 410 2852 regione,
431 2757 467 2827 id
484 2772 534 2828 est
551 2761 587 2826 in
604 2782 689 2828 aona
709 2781 786 2852 quae
805 2779 875 2826 esse
895 2754 1022 2825 'dicitur
1039 2753 1104 2824 sub
1124 2755 1199 2846 ipso

181 2880 410 2972 aequinoctiali
437 2893 580 2974 propter
611 2878 771 2950 ardorem
802 2875 1051 2957 inhabitabilis,
1085 2899 1198 2970 neque

182 3005 325 3072 omnino
340 3002 389 3071 illi
404 3016 500 3084 sunt,
516 3025 627 3097 quum
641 3015 786 3098 uterque
798 2999 846 3070 ibi
860 2999 959 3094 polus
973 2999 1200 3092 conspiciatur
1237 3058 1242 3071 ,

184 3146 222 3189 ac
240 3147 301 3215 per
319 3123 438 3194 ambos
456 3123 602 3194 ducatiu·
618 3123 759 3195 horizon
776 3154 783 3192 :
802 3133 836 3192 e't
852 3135 932 3194 sunt
953 3123 1012 3216 qui
1030 3119 1199 3214 sphaeram

182 3256 310 3312 rectam
321 3246 508 3339 appellent,
525 3269 636 3340 qtium
647 3269 767 3315 omnes
779 3245 930 3339 paralleli
943 3243 1061 3314 circuli
1072 3240 1114 3312 ad
1124 3266 1199 3337 per-

184 3363 407 3458 pendiculum
426 3369 494 3436 sint
507 3367 571 3435 illis
586 3365 701 3438 Terrae
716 3367 809 3436 locis.
903 3407 904 3411 =

184 3568 336 3640 punctum.
358 3557 416 3620 Sed
427 3537 625 3642 interpunctio
639 3571 682 3620 est
703 3561 735 3619 in
752 3570 813 3620 toto
834 3559 937 3621 codice
956 3577 1046 3641 quam
1063 3556 1197 3638 pessima.

227 3661 237 3689 ⁵
251 3661 293 3748 ¹ln
307 3661 408 3722 codice
422 3663 485 3723 καθ’
500 3665 613 3724 etate
630 3664 709 3743 (sic).

226 3765 236 3792 ⁰
258 3763 292 3824 In
308 3763 408 3826 codice
423 3766 507 3837 ζώην.
561 3793 563 3796 ·

227 3867 235 3896 ⁷
250 3869 315 3928 ·Pro
330 3871 370 3927 ὡς
388 3872 467 3950 πρὸς
487 3873 626 3936 ἐκείνους,
642 3871 673 3927 in
689 3867 789 3927 codice
803 3867 912 3946 legitur
927 3870 966 3924 ὡς
980 3869 1130 3946 προσήκει
1150 3867 1197 3922 ὡς.
