2958 4824
481 439 537 501 DE
562 437 856 502 Astnonotttt.
1110 441 1172 506 2th

166 580 200 634 et
217 565 267 657 χψ
284 564 327 634 ed
345 565 627 660 perpendiculum
645 567 744 638 lineae
761 563 813 648 83,
835 582 869 636 et
891 566 1058 638 ducantur
1074 567 1172 638 lineae

165 695 225 776 λχ,
242 679 325 782 [οἱ]
343 685 430 804 Dico
447 687 552 758 lineae
562 695 622 780 λχ,
637 681 689 769 οξ,
705 713 816 783 aeqnas
828 691 917 758 inter
930 713 966 758 ee
979 713 1048 760 esse
1067 702 1101 758 et
1114 713 1171 782 pa·

166 806 306 876 rasselas.
323 807 431 902 AEqua
446 819 495 877 est
508 832 590 902 ergo.
600 822 742 902 utraque
754 819 799 878 λσ
811 823 844 879 et
855 837 903 902 σχ
914 809 1082 880 linearum
1093 813 1172 880 utri-

164 947 233 1024 que
246 927 414 998 linearum
428 930 465 1000 οθ
478 915 512 998 et
525 922 577 1010 θξ,
596 955 671 1024 quae
689 943 768 998 sunt
784 929 869 1000 radii
887 931 1003 1000 circuli
1021 923 1122 1018 μονξε
1140 945 1173 1000 et

166 1053 334 1145 quoniam
347 1075 443 1145 aequa
461 1063 510 1120 est
526 1049 615 1130 linea
633 1051 675 1120 θσ
691 1051 789 1120 lineae
807 1060 862 1131 ολ,
882 1075 987 1145 aequae
1005 1064 1105 1120 erunt
1121 1054 1172 1121 in·

166 1185 219 1240 ter
236 1195 271 1239 se
288 1171 378 1240 linea
394 1171 435 1240 θσ
452 1184 486 1240 et
502 1183 646 1265 utraque
662 1171 830 1241 lineatum
849 1201 899 1250 uu,
920 1199 969 1258 με.
992 1171 1060 1242 Sed
1079 1197 1173 1267 teque

168 1306 218 1362 est
232 1293 334 1360 etiam
346 1291 435 1361 linea
451 1292 487 1361 dv
501 1291 600 1362 lineae
616 1293 673 1379 θμ;
693 1317 788 1388 aequa
805 1306 854 1362 est
870 1315 949 1386 ergo
969 1293 1069 1363 etiam
1086 1293 1174 1364 linea

167 1441 208 1482 υσ
223 1413 322 1482 iineae
340 1441 388 1482 σε.
403 1413 778 1508 Sed‚'quand0quidem
797 1439 891 1509 aeque
910 1428 959 1484 est
973 1414 1062 1482 linea
1076 1414 1118 1483 θσ
1133 1413 1172 1484 Ιί-

168 1557 241 1602 neae
259 1563 310 1614 vu,
330 1536 523 1604 communis
541 1547 653 1604 autem
671 1535 760 1605 linea
777 1535 827 1615 θυ,
847 1559 943 1630 aequa
962 1548 1011 1604 est
1027 1535 1115 1606 {inea
1133 1565 1173 1606 ou

167 1655 319 1724 lineaedu.
329 1655 477 1750 Utraque
493 1679 572 1752 ergo
584 1657 752 1728 linearum
763 1685 802 1727 εσ
812 1671 994 1754 eteuaeque
1007 1660 1071 1728 erit
1079 1657 1173 1729 radio

168 1776 319 1872 ejusdem
337 1778 465 1848 circuli.
485 1777 641 1867 Quntuor
659 1803 738 1874 ergo
756 1779 854 1848 iineae
870 1807 924 1859 σε,
943 1789 1001 1858 σλ,
1019 1809 1059 1849 συ
1077 1793 1111 1850 et
1127 1807 1173 1873 σχ

166 1923 271 1994 aequae
284 1897 347 1968 sibi
357 1902 503 1970 invicem
516 1915 593 1970 sunt
606 1900 695 1970 etad
709 1899 1003 1994 perpendiculum.
1018 1899 1174 1970 Circulus

168 2043 248 2114 ergo
261 2045 280 2088 e
292 2031 412 2090 centro
424 2049 461 2099 σ,
473 2019 569 2091 radio
577 2035 692 2090 autem
700 2023 815 2116 quavis
827 2021 977 2100 illarum,
989 2019 1173 2114 descriptus

168 2138 323 2208 transibit
336 2165 399 2233 per
410 2169 439 2220 ε,
452 2150 489 2221 λ,
504 2170 520 2210 u
536 2155 570 2210 et
580 2170 604 2234 χ
615 2155 754 2236 puncta,
770 2167 807 2211 ac
822 2141 907 2237 [erit]
920 2165 1036 2238 aequus
1046 2140 1173 2210 circulo

170 2253 262 2344 μονξ,
278 2274 312 2330 et
328 2261 393 2331 tttis
405 2289 437 2331 eu
453 2275 487 2330 et
497 2271 544 2354 λχ
555 2260 726 2332 diametris
736 2265 771 2331 in
784 2277 931 2357 quatuor
940 2288 1052 2358 aequas
1063 2275 1174 2356 partes

171 2377 348 2458 dividetur.
359 2376 576 2452 Describetur
589 2407 667 2477 ergo
680 2396 714 2451 et
723 2385 764 2452 sit
776 2385 920 2453 (strenus
933 2393 1020 2477 ελνχ.
1035 2382 1099 2452 Hic
1112 2385 1175 2453 erit

168 2618 257 2680 fuisse
272 2619 400 2682 'litterum
422 2645 451 2688 v,
472 2622 561 2682 veteri
580 2621 687 2690 forme,
708 2621 808 2682 litterae
825 2620 1015 2698 pdimidintoe
1032 2619 1173 2689 similem,

168 2742 234 2805 quae
248 2723 286 2784 ad
299 2723 399 2784 littere
413 2746 437 2783 ω
450 2723 560 2786 mutilae
570 2723 694 2785 sormam
705 2705 823 2784 aceedit.
835 2723 909 2785 Vide
920 2722 1036 2783 Tabuiae
1046 2722 1084 2791 A,
1097 2729 1128 2782 η’
1141 2743 1175 2790 2.

169 2823 302 2886 ultimam
314 2827 448 2888 secunde
462 2826 546 2888 iineee
559 2827 693 2889 litteram.

202 2925 222 2954 ¹²
245 2927 300 2988 Pro
314 2939 350 3008 τῇ
364 2951 415 2997 σε,
432 2930 463 2988 in
478 2929 577 2990 codice
592 2941 635 2990 eet
647 2939 700 3001 τῆς
714 2950 737 2987 e.

203 3028 223 3058 ¹³
246 3030 302 3092 Pro
316 3053 363 3101 uu,
379 3034 486 3092 iterum
500 3033 532 3091 in
546 3031 645 3092 codiee
658 3031 764 3114 legitur
778 3051 828 3089 ute.

205 3130 224 3158 ¹⁴
246 3131 279 3190 In
294 3133 392 3194 codice
407 3137 456 3195 θω,
470 3135 528 3195 Sed
542 3135 607 3194 vide
621 3134 844 3216 descriptionem
859 3133 905 3193 Vl.

205 3231 225 3260 ¹⁵
247 3234 281 3292 ln
296 3235 394 3296 codice
407 3223 573 3317 oeoiouux.

205 3335 226 3364 ¹⁶
247 3335 302 3396 Pro
313 3341 440 3421 κέντρῳ,
455 3341 487 3398 in
502 3341 599 3400 codice
614 3352 657 3400 eet
671 3362 705 3400 te.
720 3340 792 3401 Vide
806 3339 949 3402 Tabulam
962 3357 996 3406 n,
1012 3345 1042 3397 n⁰
1059 3361 1068 3396 ι
1087 3359 1112 3417 q.

207 3437 225 3466 '⁷
248 3439 282 3498 In
297 3439 394 3500 codiee
411 3450 468 3518 μιᾶ.

205 3540 224 3570 ¹⁸
247 3542 280 3601 In
291 3529 436 3603 codiceeit
444 3530 495 3624 ᾗχ.
506 3545 611 3605 Littera
621 3552 641 3604 Γ
653 3547 756 3628 scriptu
766 3558 808 3606 est
818 3567 870 3627 pro
881 3545 975 3606 littera
986 3542 1129 3603 subsimiii
1140 3548 1173 3599 Υ.

205 3642 226 3673 ¹⁹
248 3645 281 3704 ln
297 3645 396 3705 codice
410 3644 491 3706 deest
505 3649 595 3708 uetat.

202 3744 224 3774 ²⁰
246 3748 302 3806 Pro
314 3746 361 3806 ὑπ’
370 3750 487 3806 ἐκείνων
498 3757 568 3818 τῶν,
586 3751 615 3808 ἰη
627 3749 725 3810 codice
737 3761 779 3810 est
793 3751 972 3815 ὑποκείσθω,
985 3766 1072 3807 sensu
1083 3743 1174 3805 nullo.

202 3846 223 3876 ²¹
246 3849 303 3910 Pro
318 3849 371 3930 λχ,
389 3851 421 3910 in
436 3850 533 3910 codice
548 3863 590 3912 eet
604 3851 652 3911 λλ.
721 3875 724 3880 ’
