<?xml version="1.0" encoding="UTF-8"?>
<!DOCTYPE html PUBLIC "-//W3C//DTD XHTML 1.0 Transitional//EN"
    "http://www.w3.org/TR/xhtml1/DTD/xhtml1-transitional.dtd">
<html xmlns="http://www.w3.org/1999/xhtml" xml:lang="en" lang="en">
 <head>
  <title>
</title>
<meta http-equiv="Content-Type" content="text/html;charset=utf-8" />
  <meta name='ocr-system' content='tesseract 3.04.00' />
  <meta name='ocr-capabilities' content='ocr_page ocr_carea ocr_par ocr_line ocrx_word'/>
</head>
<body>
  <div class='ocr_page' id='page_1' title='image "./theonissmyrnaei00calcgoog_0274.png"; bbox 0 0 2964 4824; ppageno 0'>
   <div class='ocr_carea' id='block_1_1' title="bbox 310 405 1026 474">
    <p class='ocr_par' dir='ltr' id='par_1_1' title="bbox 310 405 1026 474">
     <span class='ocr_line' id='line_1_1' title="bbox 310 405 1026 474; baseline -0.008 -2"><span class='ocrx_word' id='word_1_1' title='bbox 310 411 372 474; x_wconf 78' lang='lat'><strong>260</strong></span> <span class='ocrx_word' id='word_1_2' title='bbox 604 405 798 468; x_wconf 82' lang='lat' dir='ltr'>THEONIS</span> <span class='ocrx_word' id='word_1_3' title='bbox 819 405 1026 466; x_wconf 70' lang='lat' dir='ltr'><strong>stttttttnt</strong></span> 
     </span>
    </p>
   </div>
   <div class='ocr_carea' id='block_1_2' title="bbox 309 533 1323 1716">
    <p class='ocr_par' dir='ltr' id='par_1_2' title="bbox 309 533 1323 1716">
     <span class='ocr_line' id='line_1_2' title="bbox 310 533 1319 621; baseline -0.004 -15"><span class='ocrx_word' id='word_1_4' title='bbox 310 539 362 608; x_wconf 79' lang='grc' dir='ltr'><strong>καί</strong></span> <span class='ocrx_word' id='word_1_5' title='bbox 380 537 435 604; x_wconf 80' lang='grc' dir='ltr'><strong>τὸν</strong></span> <span class='ocrx_word' id='word_1_6' title='bbox 453 540 509 602; x_wconf 82' lang='grc' dir='ltr'><strong>τοῦ</strong></span> <span class='ocrx_word' id='word_1_7' title='bbox 526 533 641 618; x_wconf 69' lang='grc' dir='ltr'><strong><em>βάθους</em></strong></span> <span class='ocrx_word' id='word_1_8' title='bbox 659 534 713 602; x_wconf 77' lang='grc' dir='ltr'><strong>καί</strong></span> <span class='ocrx_word' id='word_1_9' title='bbox 731 533 802 608; x_wconf 76' lang='grc' dir='ltr'><strong>τῆςΙ</strong></span> <span class='ocrx_word' id='word_1_10' title='bbox 818 533 992 621; x_wconf 71' lang='grc' dir='ltr'><strong>λεγομένης</strong></span> <span class='ocrx_word' id='word_1_11' title='bbox 1010 534 1205 618; x_wconf 72' lang='grc' dir='ltr'><strong>ἀνωμαλίας,</strong></span> <span class='ocrx_word' id='word_1_12' title='bbox 1223 533 1319 602; x_wconf 74' lang='grc' dir='ltr'><strong><em>οὕτως</em></strong></span> 
     </span>
     <span class='ocr_line' id='line_1_3' title="bbox 309 654 1321 745; baseline -0.006 -18"><span class='ocrx_word' id='word_1_13' title='bbox 309 656 407 727; x_wconf 62' lang='grc' dir='ltr'><strong>εἶναιΞ</strong></span> <span class='ocrx_word' id='word_1_14' title='bbox 423 655 578 745; x_wconf 77' lang='grc' dir='ltr'><strong><em>σύνεγγυς</em></strong></span> <span class='ocrx_word' id='word_1_15' title='bbox 591 656 757 740; x_wconf 76' lang='grc' dir='ltr'><strong><em>ἀλλιίλοιν,</em></strong></span> <span class='ocrx_word' id='word_1_16' title='bbox 773 655 854 722; x_wconf 66' lang='lat' dir='ltr'><strong>Me</strong></span> <span class='ocrx_word' id='word_1_17' title='bbox 867 661 933 724; x_wconf 78' lang='grc' dir='ltr'><strong><em>τοῖς</em></strong></span> <span class='ocrx_word' id='word_1_18' title='bbox 949 654 1137 724; x_wconf 49' lang='lat' dir='ltr'><strong>enotare</strong></span> <span class='ocrx_word' id='word_1_19' title='bbox 1149 660 1212 722; x_wconf 79' lang='grc' dir='ltr'><strong>τῶν</strong></span> <span class='ocrx_word' id='word_1_20' title='bbox 1227 654 1321 740; x_wconf 79' lang='grc' dir='ltr'><strong><em>μαθα</em></strong></span> 
     </span>
     <span class='ocr_line' id='line_1_4' title="bbox 310 768 1322 870; baseline -0.004 -24"><span class='ocrx_word' id='word_1_21' title='bbox 310 785 448 865; x_wconf 80' lang='grc' dir='ltr'><strong><em>ματικῶν</em></strong></span> <span class='ocrx_word' id='word_1_22' title='bbox 467 780 553 846; x_wconf 86' lang='grc' dir='ltr'><strong><em>ίσους</em></strong></span> <span class='ocrx_word' id='word_1_23' title='bbox 575 773 694 861; x_wconf 67' lang='grc' dir='ltr'><strong><em>δοκεῖν,</em></strong></span> <span class='ocrx_word' id='word_1_24' title='bbox 719 782 842 870; x_wconf 71' lang='grc' dir='ltr'><strong><em>ἡμερῶν</em></strong></span> <span class='ocrx_word' id='word_1_25' title='bbox 866 777 1000 846; x_wconf 66' lang='grc' dir='ltr'><strong><em>ίκαοίου</em></strong></span> <span class='ocrx_word' id='word_1_26' title='bbox 1022 768 1077 853; x_wconf 65' lang='lat' dir='ltr'><strong>eff:</strong></span> <span class='ocrx_word' id='word_1_27' title='bbox 1099 771 1171 844; x_wconf 61' lang='lat'><strong>3‘4·</strong></span> <span class='ocrx_word' id='word_1_28' title='bbox 1196 774 1322 870; x_wconf 69' lang='grc' dir='ltr'><strong><em>ἀκμιέί-</em></strong></span> 
     </span>
     <span class='ocr_line' id='line_1_5' title="bbox 310 895 1322 994; baseline -0.002 -26"><span class='ocrx_word' id='word_1_29' title='bbox 310 901 422 994; x_wconf 69' lang='grc' dir='ltr'><strong><em>σίορον</em></strong></span> <span class='ocrx_word' id='word_1_30' title='bbox 445 895 479 968; x_wconf 72' lang='lat' dir='ltr'><strong>tt</strong></span> <span class='ocrx_word' id='word_1_31' title='bbox 506 899 822 984; x_wconf 56' lang='grc' dir='ltr'><strong><em>ἑπισκοπουμέυοιςῧ,</em></strong></span> <span class='ocrx_word' id='word_1_32' title='bbox 846 899 902 965; x_wconf 84' lang='grc' dir='ltr'><strong>τὸν</strong></span> <span class='ocrx_word' id='word_1_33' title='bbox 925 898 983 983; x_wconf 78' lang='grc' dir='ltr'><strong><em>μὲν</em></strong></span> <span class='ocrx_word' id='word_1_34' title='bbox 1005 904 1061 966; x_wconf 82' lang='grc' dir='ltr'><strong>τοῦ</strong></span> <span class='ocrx_word' id='word_1_35' title='bbox 1086 899 1217 982; x_wconf 85' lang='grc' dir='ltr'><strong><em>μιίκους,</em></strong></span> <span class='ocrx_word' id='word_1_36' title='bbox 1238 895 1322 984; x_wconf 74' lang='grc' dir='ltr'><strong>ἐνῷ</strong></span> 
     </span>
     <span class='ocr_line' id='line_1_6' title="bbox 309 1013 1321 1105; baseline -0.006 -15"><span class='ocrx_word' id='word_1_37' title='bbox 309 1023 383 1090; x_wconf 76' lang='grc' dir='ltr'><strong>τὸν6</strong></span> <span class='ocrx_word' id='word_1_38' title='bbox 401 1017 554 1100; x_wconf 65' lang='grc' dir='ltr'><strong><em>ζωδιακὸν</em></strong></span> <span class='ocrx_word' id='word_1_39' title='bbox 571 1021 635 1088; x_wconf 80' lang='grc' dir='ltr'><strong>ἀπὸ</strong></span> <span class='ocrx_word' id='word_1_40' title='bbox 653 1020 786 1105; x_wconf 78' lang='grc' dir='ltr'><strong><em>σημείου</em></strong></span> <span class='ocrx_word' id='word_1_41' title='bbox 803 1020 888 1088; x_wconf 80' lang='grc' dir='ltr'><strong><em>τινὸς</em></strong></span> <span class='ocrx_word' id='word_1_42' title='bbox 900 1020 953 1088; x_wconf 68' lang='lat' dir='ltr'><strong>itti</strong></span> <span class='ocrx_word' id='word_1_43' title='bbox 970 1020 1007 1086; x_wconf 84' lang='grc' dir='ltr'><strong>τὸ</strong></span> <span class='ocrx_word' id='word_1_44' title='bbox 1021 1020 1097 1088; x_wconf 77' lang='grc' dir='ltr'><strong>αὐτὸ</strong></span> <span class='ocrx_word' id='word_1_45' title='bbox 1112 1024 1245 1104; x_wconf 79' lang='grc' dir='ltr'><strong><em>σημείου</em></strong></span> <span class='ocrx_word' id='word_1_46' title='bbox 1258 1013 1321 1084; x_wconf 72' lang='grc' dir='ltr'><strong><em>δια-</em></strong></span> 
     </span>
     <span class='ocr_line' id='line_1_7' title="bbox 310 1141 1321 1238; baseline -0.006 -24"><span class='ocrx_word' id='word_1_47' title='bbox 310 1143 407 1229; x_wconf 63' lang='lat' dir='ltr'><strong>nteit,</strong></span> <span class='ocrx_word' id='word_1_48' title='bbox 421 1146 473 1214; x_wconf 78' lang='grc' dir='ltr'><strong>καὶ</strong></span> <span class='ocrx_word' id='word_1_49' title='bbox 486 1144 550 1212; x_wconf 83' lang='grc' dir='ltr'><strong>ἀπὸ</strong></span> <span class='ocrx_word' id='word_1_50' title='bbox 565 1143 702 1238; x_wconf 77' lang='grc' dir='ltr'><strong>’τρουιίίς8</strong></span> <span class='ocrx_word' id='word_1_51' title='bbox 714 1143 766 1210; x_wconf 75' lang='grc' dir='ltr'><strong>ἐπὶ</strong></span> <span class='ocrx_word' id='word_1_52' title='bbox 779 1143 837 1217; x_wconf 66' lang='grc' dir='ltr'><strong>τὴν</strong></span> <span class='ocrx_word' id='word_1_53' title='bbox 849 1143 945 1217; x_wconf 66' lang='grc' dir='ltr'><strong><em>αὐτὴν</em></strong></span> <span class='ocrx_word' id='word_1_54' title='bbox 957 1144 1095 1236; x_wconf 74' lang='grc' dir='ltr'><strong><em>τροπὴν,</em></strong></span> <span class='ocrx_word' id='word_1_55' title='bbox 1107 1142 1161 1210; x_wconf 79' lang='grc' dir='ltr'><strong>καί</strong></span> <span class='ocrx_word' id='word_1_56' title='bbox 1174 1141 1238 1210; x_wconf 80' lang='grc' dir='ltr'><strong>ἀπὸ</strong></span> <span class='ocrx_word' id='word_1_57' title='bbox 1254 1145 1321 1214; x_wconf 69' lang='lat' dir='ltr'><strong>tm,-</strong></span> 
     </span>
     <span class='ocr_line' id='line_1_8' title="bbox 310 1264 1320 1361; baseline 0.002 -27"><span class='ocrx_word' id='word_1_58' title='bbox 310 1267 417 1361; x_wconf 77' lang='grc' dir='ltr'><strong><em>μορίας</em></strong></span> <span class='ocrx_word' id='word_1_59' title='bbox 435 1267 487 1333; x_wconf 78' lang='grc' dir='ltr'><strong>ἐπί</strong></span> <span class='ocrx_word' id='word_1_60' title='bbox 505 1268 563 1342; x_wconf 67' lang='grc' dir='ltr'><strong>τὴν</strong></span> <span class='ocrx_word' id='word_1_61' title='bbox 581 1267 676 1340; x_wconf 74' lang='grc' dir='ltr'><strong><em>αι’νςήυ</em></strong></span> <span class='ocrx_word' id='word_1_62' title='bbox 694 1264 860 1358; x_wconf 70' lang='grc' dir='ltr'><strong><em>ἰσημερίαν</em></strong></span> <span class='ocrx_word' id='word_1_63' title='bbox 877 1265 1110 1359; x_wconf 67' lang='grc' dir='ltr'><strong><em>παραγίνεται,</em></strong></span> <span class='ocrx_word' id='word_1_64' title='bbox 1125 1264 1181 1330; x_wconf 81' lang='grc' dir='ltr'><strong>τὸν</strong></span> <span class='ocrx_word' id='word_1_65' title='bbox 1196 1265 1320 1357; x_wconf 77' lang='grc' dir='ltr'><strong><em>είρυμέ·</em></strong></span> 
     </span>
     <span class='ocr_line' id='line_1_9' title="bbox 311 1384 1322 1479; baseline -0.003 -27"><span class='ocrx_word' id='word_1_66' title='bbox 311 1414 365 1455; x_wconf 88' lang='grc' dir='ltr'><strong>νου</strong></span> <span class='ocrx_word' id='word_1_67' title='bbox 374 1386 530 1474; x_wconf 80' lang='grc' dir='ltr'><strong><em>σύνεγγυς</em></strong></span> <span class='ocrx_word' id='word_1_68' title='bbox 538 1385 688 1479; x_wconf 57' lang='grc' dir='ltr'><strong><em>χμόνονί,</em></strong></span> <span class='ocrx_word' id='word_1_69' title='bbox 698 1386 791 1479; x_wconf 63' lang='lat' dir='ltr'><strong>wop&amp;</strong></span> <span class='ocrx_word' id='word_1_70' title='bbox 800 1384 982 1478; x_wconf 80' lang='grc' dir='ltr'><strong><em>τετραετίαν</em></strong></span> <span class='ocrx_word' id='word_1_71' title='bbox 992 1385 1045 1452; x_wconf 76' lang='grc' dir='ltr'><strong>ἐπὶ</strong></span> <span class='ocrx_word' id='word_1_72' title='bbox 1055 1384 1093 1452; x_wconf 79' lang='grc' dir='ltr'><strong>τὸ</strong></span> <span class='ocrx_word' id='word_1_73' title='bbox 1102 1385 1177 1452; x_wconf 77' lang='grc' dir='ltr'><strong>αὐτὸ</strong></span> <span class='ocrx_word' id='word_1_74' title='bbox 1188 1387 1322 1468; x_wconf 79' lang='grc' dir='ltr'><strong><em>σημείου</em></strong></span> 
     </span>
     <span class='ocr_line' id='line_1_10' title="bbox 310 1505 1320 1601; baseline -0.003 -26"><span class='ocrx_word' id='word_1_75' title='bbox 310 1514 365 1576; x_wconf 84' lang='grc' dir='ltr'><strong>τοῦ</strong></span> <span class='ocrx_word' id='word_1_76' title='bbox 378 1509 493 1594; x_wconf 83' lang='grc' dir='ltr'><strong><em>μιίκους</em></strong></span> <span class='ocrx_word' id='word_1_77' title='bbox 506 1511 599 1574; x_wconf 77' lang='grc' dir='ltr'><strong><em>αὐτοῦ</em></strong></span> <span class='ocrx_word' id='word_1_78' title='bbox 612 1507 693 1574; x_wconf 73' lang='grc' dir='ltr'><strong><em>κατὰ</em></strong></span> <span class='ocrx_word' id='word_1_79' title='bbox 705 1509 763 1580; x_wconf 79' lang='grc' dir='ltr'><strong>τὴν</strong></span> <span class='ocrx_word' id='word_1_80' title='bbox 776 1508 872 1582; x_wconf 73' lang='grc' dir='ltr'><strong><em>αὐτὴν</em></strong></span> <span class='ocrx_word' id='word_1_81' title='bbox 879 1506 905 1546; x_wconf 84' lang='lat'><strong>¹⁰</strong></span> <span class='ocrx_word' id='word_1_82' title='bbox 915 1507 998 1601; x_wconf 74' lang='grc' dir='ltr'><strong><em>ὥραν</em></strong></span> <span class='ocrx_word' id='word_1_83' title='bbox 1009 1505 1299 1593; x_wconf 77' lang='grc' dir='ltr'><strong><em>ἀποκαθισίαμίνου</em></strong></span> <span class='ocrx_word' id='word_1_84' title='bbox 1314 1530 1320 1542; x_wconf 93' lang='grc'><strong><em>·</em></strong></span> 
     </span>
     <span class='ocr_line' id='line_1_11' title="bbox 310 1626 1323 1716; baseline -0.001 -19"><span class='ocrx_word' id='word_1_85' title='bbox 310 1633 365 1698; x_wconf 84' lang='grc' dir='ltr'><strong>τὸν</strong></span> <span class='ocrx_word' id='word_1_86' title='bbox 390 1626 424 1698; x_wconf 72' lang='grc' dir='ltr'><strong>δὲ</strong></span> <span class='ocrx_word' id='word_1_87' title='bbox 447 1637 502 1704; x_wconf 78' lang='grc' dir='ltr'><strong>τῆς</strong></span> <span class='ocrx_word' id='word_1_88' title='bbox 525 1629 720 1713; x_wconf 78' lang='grc' dir='ltr'><strong><em>ἀνωμαλίας,</em></strong></span> <span class='ocrx_word' id='word_1_89' title='bbox 739 1626 807 1696; x_wconf 83' lang='grc' dir='ltr'><strong><em>καθ’</em></strong></span> <span class='ocrx_word' id='word_1_90' title='bbox 823 1627 859 1694; x_wconf 74' lang='grc' dir='ltr'><strong>ὃν</strong></span> <span class='ocrx_word' id='word_1_91' title='bbox 882 1627 1111 1715; x_wconf 81' lang='grc' dir='ltr'><strong><em>ἀπογςιότατος</em></strong></span> <span class='ocrx_word' id='word_1_92' title='bbox 1135 1627 1323 1716; x_wconf 76' lang='grc' dir='ltr'><strong><em>γινόμενος,</em></strong></span> 
     </span>
    </p>
   </div>
   <div class='ocr_carea' id='block_1_3' title="bbox 311 1747 1324 1968">
    <p class='ocr_par' dir='ltr' id='par_1_3' title="bbox 311 1747 1324 1968">
     <span class='ocr_line' id='line_1_12' title="bbox 311 1747 1324 1845; baseline -0.005 -25"><span class='ocrx_word' id='word_1_93' title='bbox 311 1753 362 1820; x_wconf 82' lang='grc' dir='ltr'><strong>καί</strong></span> <span class='ocrx_word' id='word_1_94' title='bbox 380 1747 420 1817; x_wconf 71' lang='grc' dir='ltr'><strong>δι’</strong></span> <span class='ocrx_word' id='word_1_95' title='bbox 433 1753 507 1820; x_wconf 80' lang='grc' dir='ltr'><strong><em>αὐτὸ</em></strong></span> <span class='ocrx_word' id='word_1_96' title='bbox 520 1759 560 1837; x_wconf 76' lang='grc' dir='ltr'><strong>τῇ</strong></span> <span class='ocrx_word' id='word_1_97' title='bbox 574 1750 662 1836; x_wconf 74' lang='grc' dir='ltr'><strong>μίν11</strong></span> <span class='ocrx_word' id='word_1_98' title='bbox 679 1751 776 1838; x_wconf 77' lang='grc' dir='ltr'><strong><em>φάσει</em></strong></span> <span class='ocrx_word' id='word_1_99' title='bbox 792 1756 847 1818; x_wconf 79' lang='grc' dir='ltr'><strong>τοῦ</strong></span> <span class='ocrx_word' id='word_1_100' title='bbox 862 1748 1012 1839; x_wconf 78' lang='grc' dir='ltr'><strong><em>μεγέθους</em></strong></span> <span class='ocrx_word' id='word_1_101' title='bbox 1025 1750 1229 1845; x_wconf 80' lang='grc' dir='ltr'><strong><em>μικρότατος,</em></strong></span> <span class='ocrx_word' id='word_1_102' title='bbox 1243 1749 1324 1845; x_wconf 82' lang='grc' dir='ltr'><strong><em>βρα-</em></strong></span> 
     </span>
     <span class='ocr_line' id='line_1_13' title="bbox 311 1869 1322 1968; baseline -0.007 -26"><span class='ocrx_word' id='word_1_103' title='bbox 311 1869 438 1942; x_wconf 76' lang='grc' dir='ltr'><strong><em>ὃίτατος</em></strong></span> <span class='ocrx_word' id='word_1_104' title='bbox 457 1869 490 1940; x_wconf 75' lang='grc' dir='ltr'><strong>δὲ</strong></span> <span class='ocrx_word' id='word_1_105' title='bbox 512 1877 593 1940; x_wconf 79' lang='grc' dir='ltr'><strong><em>κατὰ</em></strong></span> <span class='ocrx_word' id='word_1_106' title='bbox 617 1875 674 1948; x_wconf 79' lang='grc' dir='ltr'><strong>τὴν</strong></span> <span class='ocrx_word' id='word_1_107' title='bbox 692 1877 736 1940; x_wconf 81' lang='grc' dir='ltr'><strong>είς</strong></span> <span class='ocrx_word' id='word_1_108' title='bbox 763 1873 802 1939; x_wconf 78' lang='grc' dir='ltr'><strong>τὰ</strong></span> <span class='ocrx_word' id='word_1_109' title='bbox 825 1872 965 1957; x_wconf 76' lang='grc' dir='ltr'><strong><em>ἑπόμενα</em></strong></span> <span class='ocrx_word' id='word_1_110' title='bbox 982 1873 1103 1968; x_wconf 78' lang='grc' dir='ltr'><strong><em>φοράν,</em></strong></span> <span class='ocrx_word' id='word_1_111' title='bbox 1123 1873 1142 1946; x_wconf 69' lang='grc' dir='ltr'><em>ἢ</em></span> <span class='ocrx_word' id='word_1_112' title='bbox 1160 1871 1322 1939; x_wconf 77' lang='grc' dir='ltr'><strong><em>ἀνάπαλιν</em></strong></span> 
     </span>
    </p>
   </div>
   <div class='ocr_carea' id='block_1_4' title="bbox 355 2080 1325 2152">
    <p class='ocr_par' dir='ltr' id='par_1_4' title="bbox 355 2080 1325 2152">
     <span class='ocr_line' id='line_1_14' title="bbox 355 2080 1325 2152; baseline -0.001 -10"><span class='ocrx_word' id='word_1_113' title='bbox 355 2083 361 2112; x_wconf 89' lang='lat'><em>¹</em></span> <span class='ocrx_word' id='word_1_114' title='bbox 386 2084 420 2142; x_wconf 92' lang='lat' dir='ltr'><strong>ln</strong></span> <span class='ocrx_word' id='word_1_115' title='bbox 436 2081 535 2143; x_wconf 92' lang='lat' dir='ltr'><strong>codice</strong></span> <span class='ocrx_word' id='word_1_116' title='bbox 550 2085 597 2141; x_wconf 86' lang='grc' dir='ltr'><strong>καί</strong></span> <span class='ocrx_word' id='word_1_117' title='bbox 611 2086 661 2140; x_wconf 86' lang='grc' dir='ltr'><strong>τὸν</strong></span> <span class='ocrx_word' id='word_1_118' title='bbox 676 2092 736 2152; x_wconf 81' lang='grc' dir='ltr'><strong><em>τῆς.</em></strong></span> <span class='ocrx_word' id='word_1_119' title='bbox 752 2082 810 2144; x_wconf 86' lang='lat' dir='ltr'><strong>Sed</strong></span> <span class='ocrx_word' id='word_1_120' title='bbox 829 2081 988 2144; x_wconf 90' lang='lat' dir='ltr'><strong>delendum</strong></span> <span class='ocrx_word' id='word_1_121' title='bbox 1003 2086 1063 2142; x_wconf 81' lang='grc' dir='ltr'><strong><em>τὸν.</em></strong></span> <span class='ocrx_word' id='word_1_122' title='bbox 1086 2080 1159 2140; x_wconf 78' lang='lat' dir='ltr'><strong>Nem</strong></span> <span class='ocrx_word' id='word_1_123' title='bbox 1182 2082 1325 2141; x_wconf 73' lang='lat' dir='ltr'><strong>restitutio</strong></span> 
     </span>
    </p>
   </div>
   <div class='ocr_carea' id='block_1_5' title="bbox 204 2183 1324 2270">
    <p class='ocr_par' dir='ltr' id='par_1_5' title="bbox 204 2183 1324 2270">
     <span class='ocr_line' id='line_1_15' title="bbox 204 2183 1324 2270; baseline -0.004 -23"><span class='ocrx_word' id='word_1_124' title='bbox 204 2208 208 2214; x_wconf 83' lang='lat'>·</span> <span class='ocrx_word' id='word_1_125' title='bbox 312 2185 474 2248; x_wconf 87' lang='lat' dir='ltr'><strong>secundum</strong></span> <span class='ocrx_word' id='word_1_126' title='bbox 490 2185 714 2267; x_wconf 72' lang='lat' dir='ltr'><strong>inequalitatem</strong></span> <span class='ocrx_word' id='word_1_127' title='bbox 730 2198 772 2246; x_wconf 88' lang='lat' dir='ltr'><strong>est</strong></span> <span class='ocrx_word' id='word_1_128' title='bbox 787 2186 889 2246; x_wconf 81' lang='lat' dir='ltr'><strong>eadem</strong></span> <span class='ocrx_word' id='word_1_129' title='bbox 905 2198 991 2270; x_wconf 83' lang='lat' dir='ltr'><strong>atque</strong></span> <span class='ocrx_word' id='word_1_130' title='bbox 1005 2186 1148 2246; x_wconf 76' lang='lat' dir='ltr'><strong>restitutio</strong></span> <span class='ocrx_word' id='word_1_131' title='bbox 1160 2183 1324 2246; x_wconf 86' lang='lat' dir='ltr'><strong>secundum</strong></span> 
     </span>
    </p>
   </div>
   <div class='ocr_carea' id='block_1_6' title="bbox 274 2289 1329 3936">
    <p class='ocr_par' dir='ltr' id='par_1_6' title="bbox 312 2289 504 2350">
     <span class='ocr_line' id='line_1_16' title="bbox 312 2289 504 2350; baseline -0.005 -2"><span class='ocrx_word' id='word_1_132' title='bbox 312 2289 504 2350; x_wconf 72' lang='lat' dir='ltr'><strong>altitudinem.</strong></span> 
     </span>
    </p>

    <p class='ocr_par' dir='ltr' id='par_1_7' title="bbox 354 2391 1323 2474">
     <span class='ocr_line' id='line_1_17' title="bbox 354 2391 1323 2474; baseline -0.001 -23"><span class='ocrx_word' id='word_1_133' title='bbox 354 2392 364 2421; x_wconf 87' lang='lat'><strong>¹</strong></span> <span class='ocrx_word' id='word_1_134' title='bbox 386 2392 441 2451; x_wconf 90' lang='lat' dir='ltr'><strong>Hic</strong></span> <span class='ocrx_word' id='word_1_135' title='bbox 455 2391 577 2474; x_wconf 91' lang='lat' dir='ltr'><strong>quidem</strong></span> <span class='ocrx_word' id='word_1_136' title='bbox 592 2393 623 2450; x_wconf 90' lang='lat' dir='ltr'><strong>in</strong></span> <span class='ocrx_word' id='word_1_137' title='bbox 638 2392 737 2454; x_wconf 88' lang='lat' dir='ltr'><strong>codice</strong></span> <span class='ocrx_word' id='word_1_138' title='bbox 753 2395 842 2462; x_wconf 72' lang='lat' dir='ltr'><strong>otro,</strong></span> <span class='ocrx_word' id='word_1_139' title='bbox 858 2397 921 2452; x_wconf 89' lang='lat' dir='ltr'><strong>sine</strong></span> <span class='ocrx_word' id='word_1_140' title='bbox 934 2395 1017 2460; x_wconf 73' lang='grc' dir='ltr'><strong><em>εἶναι.</em></strong></span> <span class='ocrx_word' id='word_1_141' title='bbox 1031 2391 1089 2454; x_wconf 86' lang='lat' dir='ltr'><strong>Sed</strong></span> <span class='ocrx_word' id='word_1_142' title='bbox 1104 2391 1169 2453; x_wconf 85' lang='lat' dir='ltr'><strong>vide</strong></span> <span class='ocrx_word' id='word_1_143' title='bbox 1181 2403 1280 2452; x_wconf 83' lang='lat' dir='ltr'><strong>noum</strong></span> <span class='ocrx_word' id='word_1_144' title='bbox 1295 2391 1323 2451; x_wconf 87' lang='lat'><strong>5.</strong></span> 
     </span>
    </p>

    <p class='ocr_par' dir='ltr' id='par_1_8' title="bbox 274 2493 1326 2991">
     <span class='ocr_line' id='line_1_18' title="bbox 354 2493 1326 2579; baseline 0.001 -25"><span class='ocrx_word' id='word_1_145' title='bbox 354 2495 364 2523; x_wconf 81' lang='lat'><strong>³</strong></span> <span class='ocrx_word' id='word_1_146' title='bbox 387 2495 420 2554; x_wconf 90' lang='lat' dir='ltr'><strong>ln</strong></span> <span class='ocrx_word' id='word_1_147' title='bbox 435 2495 534 2556; x_wconf 83' lang='lat' dir='ltr'><strong>codiee</strong></span> <span class='ocrx_word' id='word_1_148' title='bbox 548 2495 655 2578; x_wconf 83' lang='lat' dir='ltr'><strong>legitur</strong></span> <span class='ocrx_word' id='word_1_149' title='bbox 669 2499 736 2556; x_wconf 73' lang='grc' dir='ltr'><strong><em>τοὺς</em></strong></span> <span class='ocrx_word' id='word_1_150' title='bbox 753 2495 929 2563; x_wconf 76' lang='grc' dir='ltr'><strong><em>σλείσίους,</em></strong></span> <span class='ocrx_word' id='word_1_151' title='bbox 946 2494 1026 2579; x_wconf 91' lang='lat' dir='ltr'><strong>quod</strong></span> <span class='ocrx_word' id='word_1_152' title='bbox 1041 2493 1162 2578; x_wconf 85' lang='lat' dir='ltr'><strong>quidem</strong></span> <span class='ocrx_word' id='word_1_153' title='bbox 1182 2494 1326 2555; x_wconf 75' lang='lat' dir='ltr'><strong>coherere</strong></span> 
     </span>
     <span class='ocr_line' id='line_1_19' title="bbox 312 2597 1326 2681; baseline -0.001 -23"><span class='ocrx_word' id='word_1_154' title='bbox 312 2610 409 2680; x_wconf 90' lang='lat' dir='ltr'><strong>posset</strong></span> <span class='ocrx_word' id='word_1_155' title='bbox 434 2620 501 2658; x_wconf 91' lang='lat' dir='ltr'><strong>cum</strong></span> <span class='ocrx_word' id='word_1_156' title='bbox 523 2597 619 2659; x_wconf 79' lang='grc' dir='ltr'><strong><em>δοκεῖν</em></strong></span> <span class='ocrx_word' id='word_1_157' title='bbox 639 2600 744 2666; x_wconf 85' lang='lat' dir='ltr'><strong>activo,</strong></span> <span class='ocrx_word' id='word_1_158' title='bbox 771 2598 822 2660; x_wconf 90' lang='lat' dir='ltr'><strong>sed</strong></span> <span class='ocrx_word' id='word_1_159' title='bbox 846 2597 1087 2660; x_wconf 88' lang='lat' dir='ltr'><strong>obscurissimum</strong></span> <span class='ocrx_word' id='word_1_160' title='bbox 1111 2610 1186 2659; x_wconf 87' lang='lat' dir='ltr'><strong>esset</strong></span> <span class='ocrx_word' id='word_1_161' title='bbox 1207 2610 1326 2681; x_wconf 89' lang='lat' dir='ltr'><strong>propter</strong></span> 
     </span>
     <span class='ocr_line' id='line_1_20' title="bbox 313 2701 572 2784; baseline 0 -25"><span class='ocrx_word' id='word_1_162' title='bbox 313 2703 394 2760; x_wconf 86' lang='grc' dir='ltr'><strong><em>ίσους</em></strong></span> <span class='ocrx_word' id='word_1_163' title='bbox 411 2701 572 2784; x_wconf 81' lang='grc' dir='ltr'><strong><em>(χρόνους).</em></strong></span> 
     </span>
     <span class='ocr_line' id='line_1_21' title="bbox 274 2789 1326 2873; baseline 0 -11"><span class='ocrx_word' id='word_1_164' title='bbox 274 2825 277 2830; x_wconf 50' lang='lat'>¹</span> <span class='ocrx_word' id='word_1_165' title='bbox 355 2801 364 2831; x_wconf 74' lang='lat'>⁶</span> <span class='ocrx_word' id='word_1_166' title='bbox 388 2803 421 2862; x_wconf 91' lang='lat' dir='ltr'><strong>In</strong></span> <span class='ocrx_word' id='word_1_167' title='bbox 437 2803 536 2864; x_wconf 92' lang='lat' dir='ltr'><strong>codice</strong></span> <span class='ocrx_word' id='word_1_168' title='bbox 551 2789 613 2872; x_wconf 63' lang='grc' dir='ltr'><strong>τξδ,</strong></span> <span class='ocrx_word' id='word_1_169' title='bbox 630 2807 737 2865; x_wconf 85' lang='lat' dir='ltr'><strong>omissa</strong></span> <span class='ocrx_word' id='word_1_170' title='bbox 751 2805 846 2866; x_wconf 85' lang='lat' dir='ltr'><strong>littere</strong></span> <span class='ocrx_word' id='word_1_171' title='bbox 862 2803 890 2873; x_wconf 79' lang='grc' dir='ltr'><strong>Ε,</strong></span> <span class='ocrx_word' id='word_1_172' title='bbox 912 2817 940 2864; x_wconf 89' lang='lat' dir='ltr'><strong>et</strong></span> <span class='ocrx_word' id='word_1_173' title='bbox 954 2807 1062 2864; x_wconf 89' lang='lat' dir='ltr'><strong>omisso</strong></span> <span class='ocrx_word' id='word_1_174' title='bbox 1082 2816 1202 2864; x_wconf 80' lang='lat' dir='ltr'><strong>accentu</strong></span> <span class='ocrx_word' id='word_1_175' title='bbox 1224 2804 1326 2863; x_wconf 83' lang='lat' dir='ltr'><strong>litterae</strong></span> 
     </span>
     <span class='ocr_line' id='line_1_22' title="bbox 314 2905 917 2991; baseline 0.007 -28"><span class='ocrx_word' id='word_1_176' title='bbox 314 2905 338 2966; x_wconf 78' lang='grc' dir='ltr'><strong>δ.</strong></span> <span class='ocrx_word' id='word_1_177' title='bbox 355 2907 464 2967; x_wconf 92' lang='lat' dir='ltr'><strong>Notum</strong></span> <span class='ocrx_word' id='word_1_178' title='bbox 480 2919 522 2966; x_wconf 86' lang='lat' dir='ltr'><strong>est</strong></span> <span class='ocrx_word' id='word_1_179' title='bbox 536 2905 551 2964; x_wconf 80' lang='grc' dir='ltr'><strong>ὃ</strong></span> <span class='ocrx_word' id='word_1_180' title='bbox 567 2927 628 2968; x_wconf 87' lang='lat' dir='ltr'><strong>esse</strong></span> <span class='ocrx_word' id='word_1_181' title='bbox 644 2913 677 2976; x_wconf 79' lang='lat' dir='ltr'><strong>t,</strong></span> <span class='ocrx_word' id='word_1_182' title='bbox 694 2920 722 2968; x_wconf 90' lang='lat' dir='ltr'><strong>et</strong></span> <span class='ocrx_word' id='word_1_183' title='bbox 737 2906 760 2965; x_wconf 79' lang='grc' dir='ltr'><strong>δ’</strong></span> <span class='ocrx_word' id='word_1_184' title='bbox 777 2929 840 2969; x_wconf 88' lang='lat' dir='ltr'><strong>esse</strong></span> <span class='ocrx_word' id='word_1_185' title='bbox 861 2906 917 2991; x_wconf 66' lang='lat' dir='ltr'><strong>isli.</strong></span> 
     </span>
    </p>

    <p class='ocr_par' dir='ltr' id='par_1_9' title="bbox 311 3009 1329 3936">
     <span class='ocr_line' id='line_1_23' title="bbox 356 3009 1325 3093; baseline 0.001 -24"><span class='ocrx_word' id='word_1_186' title='bbox 356 3009 366 3040; x_wconf 78' lang='lat'>⁸</span> <span class='ocrx_word' id='word_1_187' title='bbox 388 3011 457 3072; x_wconf 88' lang='lat' dir='ltr'><strong>Post</strong></span> <span class='ocrx_word' id='word_1_188' title='bbox 470 3029 570 3070; x_wconf 85' lang='lat' dir='ltr'><strong>vocem</strong></span> <span class='ocrx_word' id='word_1_189' title='bbox 585 3015 857 3088; x_wconf 77' lang='grc' dir='ltr'><strong><em>ἐπιανιοπουμέυοις,</em></strong></span> <span class='ocrx_word' id='word_1_190' title='bbox 874 3013 1018 3071; x_wconf 80' lang='lat' dir='ltr'><strong>iterantur</strong></span> <span class='ocrx_word' id='word_1_191' title='bbox 1030 3011 1129 3070; x_wconf 81' lang='lat' dir='ltr'><strong>omnia</strong></span> <span class='ocrx_word' id='word_1_192' title='bbox 1139 3031 1204 3092; x_wconf 81' lang='lat' dir='ltr'><strong>quae</strong></span> <span class='ocrx_word' id='word_1_193' title='bbox 1214 3013 1277 3093; x_wconf 85' lang='lat' dir='ltr'><strong>jam</strong></span> <span class='ocrx_word' id='word_1_194' title='bbox 1289 3009 1325 3070; x_wconf 84' lang='lat' dir='ltr'><strong>le·</strong></span> 
     </span>
     <span class='ocr_line' id='line_1_24' title="bbox 313 3110 1325 3196; baseline -0.005 -22"><span class='ocrx_word' id='word_1_195' title='bbox 313 3116 409 3196; x_wconf 83' lang='lat' dir='ltr'><strong>gimus</strong></span> <span class='ocrx_word' id='word_1_196' title='bbox 425 3136 441 3173; x_wconf 85' lang='lat' dir='ltr'><strong>e</strong></span> <span class='ocrx_word' id='word_1_197' title='bbox 455 3113 575 3176; x_wconf 85' lang='lat' dir='ltr'><strong>vocibus</strong></span> <span class='ocrx_word' id='word_1_198' title='bbox 590 3117 641 3174; x_wconf 83' lang='grc' dir='ltr'><strong>του</strong></span> <span class='ocrx_word' id='word_1_199' title='bbox 657 3136 690 3174; x_wconf 80' lang='grc' dir='ltr'><strong>τε</strong></span> <span class='ocrx_word' id='word_1_200' title='bbox 704 3121 755 3173; x_wconf 80' lang='grc' dir='ltr'><strong>τοῦ</strong></span> <span class='ocrx_word' id='word_1_201' title='bbox 772 3118 881 3192; x_wconf 74' lang='grc' dir='ltr'><strong><em>μήκους</em></strong></span> <span class='ocrx_word' id='word_1_202' title='bbox 895 3133 989 3196; x_wconf 87' lang='lat' dir='ltr'><strong>usque</strong></span> <span class='ocrx_word' id='word_1_203' title='bbox 1004 3113 1041 3172; x_wconf 81' lang='lat' dir='ltr'><strong>ad</strong></span> <span class='ocrx_word' id='word_1_204' title='bbox 1056 3133 1215 3173; x_wconf 88' lang='lat' dir='ltr'><strong>numerum</strong></span> <span class='ocrx_word' id='word_1_205' title='bbox 1226 3111 1277 3179; x_wconf 79' lang='grc' dir='ltr'><strong>ςξε</strong></span> <span class='ocrx_word' id='word_1_206' title='bbox 1290 3110 1325 3180; x_wconf 85' lang='grc' dir='ltr'><strong>δ’,</strong></span> 
     </span>
     <span class='ocr_line' id='line_1_25' title="bbox 312 3215 1326 3299; baseline -0.001 -23"><span class='ocrx_word' id='word_1_207' title='bbox 312 3218 364 3299; x_wconf 89' lang='lat' dir='ltr'><strong>qui</strong></span> <span class='ocrx_word' id='word_1_208' title='bbox 379 3228 476 3278; x_wconf 82' lang='lat' dir='ltr'><strong>tamen</strong></span> <span class='ocrx_word' id='word_1_209' title='bbox 492 3217 554 3298; x_wconf 87' lang='lat' dir='ltr'><strong>ipse</strong></span> <span class='ocrx_word' id='word_1_210' title='bbox 568 3238 628 3286; x_wconf 85' lang='lat' dir='ltr'><strong>non</strong></span> <span class='ocrx_word' id='word_1_211' title='bbox 648 3218 776 3276; x_wconf 77' lang='lat' dir='ltr'><strong>iteratur.</strong></span> <span class='ocrx_word' id='word_1_212' title='bbox 793 3215 861 3276; x_wconf 85' lang='lat' dir='ltr'><strong>Post</strong></span> <span class='ocrx_word' id='word_1_213' title='bbox 880 3217 1017 3285; x_wconf 75' lang='grc' dir='ltr'><strong><em>ἔκασίου,</em></strong></span> <span class='ocrx_word' id='word_1_214' title='bbox 1033 3217 1151 3299; x_wconf 79' lang='lat' dir='ltr'><strong>signum</strong></span> <span class='ocrx_word' id='word_1_215' title='bbox 1172 3228 1228 3285; x_wconf 87' lang='lat' dir='ltr'><strong>est,</strong></span> <span class='ocrx_word' id='word_1_216' title='bbox 1245 3215 1326 3299; x_wconf 88' lang='lat' dir='ltr'><strong>quod</strong></span> 
     </span>
     <span class='ocr_line' id='line_1_26' title="bbox 312 3318 1325 3403; baseline -0.002 -25"><span class='ocrx_word' id='word_1_217' title='bbox 312 3320 343 3378; x_wconf 92' lang='lat' dir='ltr'><strong>in</strong></span> <span class='ocrx_word' id='word_1_218' title='bbox 359 3319 457 3379; x_wconf 85' lang='lat' dir='ltr'><strong>oodice</strong></span> <span class='ocrx_word' id='word_1_219' title='bbox 473 3318 601 3378; x_wconf 85' lang='lat' dir='ltr'><strong>indicare</strong></span> <span class='ocrx_word' id='word_1_220' title='bbox 617 3319 690 3379; x_wconf 87' lang='lat' dir='ltr'><strong>solet</strong></span> <span class='ocrx_word' id='word_1_221' title='bbox 698 3341 820 3402; x_wconf 83' lang='lat' dir='ltr'><strong>pausem</strong></span> <span class='ocrx_word' id='word_1_222' title='bbox 831 3320 985 3387; x_wconf 80' lang='lat' dir='ltr'><strong>orationis,</strong></span> <span class='ocrx_word' id='word_1_223' title='bbox 997 3329 1026 3379; x_wconf 91' lang='lat' dir='ltr'><strong>et</strong></span> <span class='ocrx_word' id='word_1_224' title='bbox 1037 3320 1096 3378; x_wconf 92' lang='lat' dir='ltr'><strong>itur</strong></span> <span class='ocrx_word' id='word_1_225' title='bbox 1106 3319 1144 3380; x_wconf 82' lang='lat' dir='ltr'><strong>ed</strong></span> <span class='ocrx_word' id='word_1_226' title='bbox 1156 3330 1325 3403; x_wconf 80' lang='lat' dir='ltr'><strong>sequentem</strong></span> 
     </span>
     <span class='ocr_line' id='line_1_27' title="bbox 311 3421 1326 3504; baseline -0.002 -22"><span class='ocrx_word' id='word_1_227' title='bbox 311 3421 434 3492; x_wconf 84' lang='lat' dir='ltr'><strong>lineam,</strong></span> <span class='ocrx_word' id='word_1_228' title='bbox 450 3423 638 3504; x_wconf 85' lang='lat' dir='ltr'><strong>incipientem</strong></span> <span class='ocrx_word' id='word_1_229' title='bbox 652 3423 773 3484; x_wconf 82' lang='lat' dir='ltr'><strong>vocibus</strong></span> <span class='ocrx_word' id='word_1_230' title='bbox 787 3427 838 3482; x_wconf 79' lang='grc' dir='ltr'><strong>τὸν</strong></span> <span class='ocrx_word' id='word_1_231' title='bbox 854 3428 908 3501; x_wconf 74' lang='grc' dir='ltr'><strong><em>μὲν</em></strong></span> <span class='ocrx_word' id='word_1_232' title='bbox 921 3430 972 3484; x_wconf 79' lang='grc' dir='ltr'><strong>τοῦ</strong></span> <span class='ocrx_word' id='word_1_233' title='bbox 988 3427 1110 3499; x_wconf 87' lang='grc' dir='ltr'><strong><em>μήκους,</em></strong></span> <span class='ocrx_word' id='word_1_234' title='bbox 1126 3427 1159 3482; x_wconf 77' lang='grc' dir='ltr'><strong>ἐν</strong></span> <span class='ocrx_word' id='word_1_235' title='bbox 1172 3422 1197 3503; x_wconf 85' lang='grc' dir='ltr'><strong><em>ᾧ</em></strong></span> <span class='ocrx_word' id='word_1_236' title='bbox 1208 3426 1242 3482; x_wconf 80' lang='grc' dir='ltr'><strong>τὸ</strong></span> <span class='ocrx_word' id='word_1_237' title='bbox 1256 3422 1326 3502; x_wconf 83' lang='lat' dir='ltr'><strong>(sic)</strong></span> 
     </span>
     <span class='ocr_line' id='line_1_28' title="bbox 314 3513 1328 3609; baseline 0 -25"><span class='ocrx_word' id='word_1_238' title='bbox 314 3513 451 3592; x_wconf 80' lang='grc' dir='ltr'><strong><em>ζωδιακὸν</em></strong></span> <span class='ocrx_word' id='word_1_239' title='bbox 465 3548 491 3584; x_wconf 87' lang='grc' dir='ltr'><strong>κ.</strong></span> <span class='ocrx_word' id='word_1_240' title='bbox 508 3549 534 3585; x_wconf 83' lang='grc' dir='ltr'><strong>τ.</strong></span> <span class='ocrx_word' id='word_1_241' title='bbox 551 3524 592 3594; x_wconf 86' lang='grc' dir='ltr'><strong>λ.,</strong></span> <span class='ocrx_word' id='word_1_242' title='bbox 613 3527 697 3609; x_wconf 89' lang='lat' dir='ltr'><strong>cujus</strong></span> <span class='ocrx_word' id='word_1_243' title='bbox 716 3527 812 3608; x_wconf 82' lang='lat' dir='ltr'><strong>prime</strong></span> <span class='ocrx_word' id='word_1_244' title='bbox 831 3526 926 3586; x_wconf 83' lang='lat' dir='ltr'><strong>littere</strong></span> <span class='ocrx_word' id='word_1_245' title='bbox 945 3526 1045 3608; x_wconf 79' lang='lat' dir='ltr'><strong>primae</strong></span> <span class='ocrx_word' id='word_1_246' title='bbox 1064 3526 1142 3586; x_wconf 84' lang='lat' dir='ltr'><strong>vocis</strong></span> <span class='ocrx_word' id='word_1_247' title='bbox 1161 3529 1219 3586; x_wconf 75' lang='lat' dir='ltr'><strong>ru</strong></span> <span class='ocrx_word' id='word_1_248' title='bbox 1238 3523 1328 3586; x_wconf 77' lang='lat' dir='ltr'><strong>rubra</strong></span> 
     </span>
     <span class='ocr_line' id='line_1_29' title="bbox 313 3627 1327 3712; baseline 0 -24"><span class='ocrx_word' id='word_1_249' title='bbox 313 3639 365 3688; x_wconf 89' lang='lat' dir='ltr'><strong>est.</strong></span> <span class='ocrx_word' id='word_1_250' title='bbox 381 3628 415 3688; x_wconf 91' lang='lat' dir='ltr'><strong>In</strong></span> <span class='ocrx_word' id='word_1_251' title='bbox 427 3629 536 3690; x_wconf 83' lang='lat' dir='ltr'><strong>iteratis</strong></span> <span class='ocrx_word' id='word_1_252' title='bbox 547 3627 623 3688; x_wconf 89' lang='lat' dir='ltr'><strong>nihil</strong></span> <span class='ocrx_word' id='word_1_253' title='bbox 632 3629 773 3697; x_wconf 81' lang='lat' dir='ltr'><strong>varietur,</strong></span> <span class='ocrx_word' id='word_1_254' title='bbox 785 3629 842 3688; x_wconf 89' lang='lat' dir='ltr'><strong>nisi</strong></span> <span class='ocrx_word' id='word_1_255' title='bbox 851 3629 946 3711; x_wconf 79' lang='lat' dir='ltr'><strong>quod,</strong></span> <span class='ocrx_word' id='word_1_256' title='bbox 958 3631 1117 3712; x_wconf 67' lang='lat' dir='ltr'><strong>protereus,</strong></span> <span class='ocrx_word' id='word_1_257' title='bbox 1129 3628 1236 3711; x_wconf 82' lang='lat' dir='ltr'><strong>legitur</strong></span> <span class='ocrx_word' id='word_1_258' title='bbox 1248 3629 1327 3696; x_wconf 84' lang='grc' dir='ltr'><strong><em>ίσας,</em></strong></span> 
     </span>
     <span class='ocr_line' id='line_1_30' title="bbox 313 3730 1328 3816; baseline -0.001 -24"><span class='ocrx_word' id='word_1_259' title='bbox 313 3731 403 3801; x_wconf 75' lang='lat' dir='ltr'><strong>mele,</strong></span> <span class='ocrx_word' id='word_1_260' title='bbox 415 3744 443 3792; x_wconf 88' lang='lat' dir='ltr'><strong>et</strong></span> <span class='ocrx_word' id='word_1_261' title='bbox 453 3730 534 3816; x_wconf 91' lang='lat' dir='ltr'><strong>quod</strong></span> <span class='ocrx_word' id='word_1_262' title='bbox 543 3753 597 3816; x_wconf 87' lang='lat' dir='ltr'><strong>pro</strong></span> <span class='ocrx_word' id='word_1_263' title='bbox 610 3736 685 3792; x_wconf 77' lang='grc' dir='ltr'><strong><em>οὕτω</em></strong></span> <span class='ocrx_word' id='word_1_264' title='bbox 697 3733 856 3811; x_wconf 77' lang='grc' dir='ltr'><strong><em>σύνεγγυς,</em></strong></span> <span class='ocrx_word' id='word_1_265' title='bbox 870 3743 913 3791; x_wconf 90' lang='lat' dir='ltr'><strong>est</strong></span> <span class='ocrx_word' id='word_1_266' title='bbox 922 3732 1027 3794; x_wconf 81' lang='lat' dir='ltr'><strong>melior</strong></span> <span class='ocrx_word' id='word_1_267' title='bbox 1041 3744 1070 3793; x_wconf 88' lang='lat' dir='ltr'><strong>et</strong></span> <span class='ocrx_word' id='word_1_268' title='bbox 1082 3753 1098 3792; x_wconf 85' lang='grc' dir='ltr'><strong><em>ο</em></strong></span> <span class='ocrx_word' id='word_1_269' title='bbox 1113 3732 1198 3794; x_wconf 88' lang='lat' dir='ltr'><strong>nobis</strong></span> <span class='ocrx_word' id='word_1_270' title='bbox 1213 3742 1328 3814; x_wconf 77' lang='lat' dir='ltr'><strong>recepte</strong></span> 
     </span>
     <span class='ocr_line' id='line_1_31' title="bbox 313 3824 1329 3936; baseline -0.001 -43"><span class='ocrx_word' id='word_1_271' title='bbox 313 3833 399 3896; x_wconf 88' lang='lat' dir='ltr'><strong>lectio</strong></span> <span class='ocrx_word' id='word_1_272' title='bbox 414 3837 505 3896; x_wconf 71' lang='lat' dir='ltr'><strong>otrus</strong></span> <span class='ocrx_word' id='word_1_273' title='bbox 519 3838 591 3895; x_wconf 77' lang='grc' dir='ltr'><strong><em>εἶναι</em></strong></span> <span class='ocrx_word' id='word_1_274' title='bbox 607 3835 761 3936; x_wconf 73' lang='grc' dir='ltr'><strong><em>σύνεγγυς.</em></strong></span> <span class='ocrx_word' id='word_1_275' title='bbox 777 3824 852 3895; x_wconf 86' lang='lat' dir='ltr'><strong>Vide</strong></span> <span class='ocrx_word' id='word_1_276' title='bbox 867 3834 938 3896; x_wconf 84' lang='lat' dir='ltr'><strong>Teb.</strong></span> <span class='ocrx_word' id='word_1_277' title='bbox 955 3837 993 3903; x_wconf 82' lang='grc' dir='ltr'><strong>Α.</strong></span> <span class='ocrx_word' id='word_1_278' title='bbox 1016 3841 1048 3894; x_wconf 86' lang='lat' dir='ltr'><strong>n⁰</strong></span> <span class='ocrx_word' id='word_1_279' title='bbox 1066 3837 1094 3902; x_wconf 80' lang='lat' dir='ltr'><strong>u.</strong></span> <span class='ocrx_word' id='word_1_280' title='bbox 1113 3834 1148 3895; x_wconf 89' lang='lat' dir='ltr'><strong>ln</strong></span> <span class='ocrx_word' id='word_1_281' title='bbox 1166 3843 1265 3917; x_wconf 79' lang='lat' dir='ltr'><strong>operto</strong></span> <span class='ocrx_word' id='word_1_282' title='bbox 1285 3844 1329 3892; x_wconf 90' lang='lat' dir='ltr'><strong>est</strong></span> 
     </span>
    </p>
   </div>
   <div class='ocr_carea' id='block_1_7' title="bbox 0 0 1491 4824">
    <p class='ocr_par' dir='ltr' id='par_1_10' title="bbox 0 0 1491 4824">
     <span class='ocr_line' id='line_1_32' title="bbox 0 0 1491 4824; baseline 0 0"><span class='ocrx_word' id='word_1_283' title='bbox 0 0 1491 4824; x_wconf 95' lang='lat' dir='ltr'><strong> </strong></span> 
     </span>
    </p>
   </div>
  </div>
 </body>
</html>
