2970 4822
457 383 514 450 DE
535 381 835 447 AS‘l'llONOldlA:
1109 386 1146 447 81

142 509 227 580 lllud
248 507 381 600 quidem
401 507 598 598 grammatici
624 507 730 597 potius
752 529 852 596 quam
873 504 1055 596 philosophi
1074 527 1154 596 opus

144 646 211 716 esse
236 622 390 690 videatur.
412 621 551 688 Serenus
570 631 678 686 lamen
699 619 755 686 ille
776 619 937 695 aPhotio,
950 619 986 686 iu
1006 618 1155 707 Catalogo

145 747 312 802 auctorum
327 734 445 822 quibus
459 736 488 800 J.
503 733 646 811 Stobaeus
658 755 734 798 usus
747 743 810 806 est,
827 753 892 798 non
905 733 990 798 inter
1001 753 1157 819 gramma·

111 930 114 935 ‚
145 849 237 928 ticos,
260 847 316 912 sed
337 847 420 912 inter
440 845 627 934 philosophos
647 845 788 933 ponitur.
807 847 901 910 Hunc
923 845 1075 912 eumdem
1091 867 1158 910 esse

148 972 242 1048 atque
258 958 521 1025 mathematicum
538 978 603 1022 non
620 957 860 1030 affirmaverim,
878 957 934 1023 sed
949 980 1054 1045 neque
1067 979 1159 1044 nega-

147 1072 258 1138 verim.
270 1073 344 1136 Haec
359 1070 400 1135 de
414 1068 533 1134 Sereno
545 1089 677 1133 monere
689 1067 767 1134 utile
779 1068 885 1133 visum
898 1080 959 1142 est,
972 1092 1159 1157 quanquam

149 1207 215 1250 non
232 1207 251 1249 a
264 1183 411 1254 Theone‚
425 1180 481 1246 sed
496 1203 514 1245 a
530 1179 660 1245 librario
675 1179 797 1268 aliquo,
811 1180 1006 1270 descriptum
1024 1203 1090 1248 esse
1102 1204 1160 1269 pu·

149 1309 256 1362 tamus
275 1293 492 1381 fragmentum
509 1291 592 1357 illud
614 1290 719 1357 Sereni
732 1293 917 1382 philosophi,
934 1293 1022 1383 quod
1038 1294 1073 1360 in
1095 1294 1160 1360 line

150 1405 292 1472 Theonis
306 1405 501 1471 Astronomiae
515 1403 687 1470 iuvenitur.

615 1581 629 1638 S
650 1587 694 1642 17.

199 1739 324 1820 Quibus
342 1739 523 1806 auctoribus
534 1739 696 1829 praecipue
708 1763 784 1806 nsns
798 1741 838 1805 sit
853 1739 966 1806 ‘lheon
979 1739 1163 1828 Smyrnaeus

152 1857 186 1920 in
199 1853 366 1920 scribendo
383 1852 593 1918 astronomico
605 1875 716 1940 opere,
730 1873 818 1919 nunc
833 1852 868 1916 in
886 1863 994 1941 aperto
1007 1863 1072 1918 est:
1087 1852 1163 1919 duo

152 1969 213 2034 bus
234 1967 337 2039 enim,
359 1965 493 2031 Adrasto
511 1975 543 2029 et
561 1964 757 2052 Dercyllide‚
777 1965 935 2052 tertioque
951 1964 1072 2039 forsan,
1089 1966 1165 2053 Hip·

154 2080 283 2168 parcho.
301 2077 421 2144 Ceteris
438 2087 546 2152 autem
564 2077 729 2150 omnibus,
747 2099 887 2165 quorum
904 2078 1035 2144 uomina
1053 2078 1087 2144 in
1104 2078 1166 2144 hoc

155 2213 251 2281 opere
266 2191 431 2277 leguntur,
454 2211 519 2254 non
543 2199 610 2254 tam
632 2189 700 2276 ipse
724 2213 800 2254 usus
821 2211 887 2254 esse
902 2190 1042 2263 videtur,
1067 2212 1165 2277 quam

157 2302 309 2369 Adrastus
325 2311 356 2366 et
368 2299 580 2388 Demyllides,
598 2323 692 2388 quos,
711 2301 750 2365 ab
767 2301 871 2388 operis
887 2301 978 2368 initio
995 2301 1035 2368 ad
1051 2301 1165 2373 finem,

157 2425 212 2480 aut
227 2413 393 2500 loquentes
405 2412 546 2486 inducit,
564 2423 621 2478 aut
637 2413 734 2501 paulo
750 2412 881 2478 liberius
898 2415 1054 2480 exscribit.
1071 2414 1107 2479 ld
1121 2425 1168 2480 est

157 2547 231 2613 ergo
249 2524 391 2590 Theonis
413 2523 580 2597 meritum,
602 2524 636 2588 in
656 2525 718 2590 hoc
738 2525 937 2590 astronomiae
958 2526 1166 2613 compendio,

157 2639 294 2727 pretiosa
310 2635 434 2702 Adrasti
451 2637 589 2708 maxime
601 2648 633 2702 et
643 2637 832 2726 Dercyllidis
844 2638 1061 2704 astronomiam
1073 2639 1168 2704 scien·

157 2751 208 2816 tiae
222 2759 447 2822 monumenta,
466 2758 497 2812 et
513 2747 609 2814 simul
623 2760 790 2816 auctorum
802 2771 882 2844 quos
891 2749 939 2814 illi
955 2749 1089 2816 laudant
1103 2773 1167 2816 uon

159 2861 407 2928 contemnendas
423 2859 574 2946 reliquias
593 2861 772 2926 servavisse.
793 2861 914 2949 Nempe
931 2861 1043 2928 Theon
1062 2861 1169 2951 Smyr-

160 2997 246 3038 naeus
269 2995 334 3040 non
360 2983 406 3038 est
421 2971 483 3056 ,ille
506 2971 576 3036 coeli
599 2973 793 3046 observator,
815 2996 914 3061 quem
933 2975 1093 3040 Montucla
1109 2975 1170 3040 sibi

161 3085 406 3157 somniaverat¹‚
424 3083 480 3148 sed
498 3083 708 3172 philosophus
729 3085 928 3151 astronomia
943 3087 1121 3160 studiosus,
1140 3098 1171 3152 et

162 3195 219 3282 qui
234 3218 319 3260 nnnc
334 3195 534 3283 perditorum
550 3196 611 3262 hac
627 3197 667 3262 de
683 3219 718 3262 re
735 3219 871 3285 operum
887 3198 1064 3265 doctrinam
1080 3198 1171 3264 intel·

161 3306 294 3393 ligenter
309 3307 526 3394 compilando,
543 3308 584 3374 de
601 3309 692 3374 nobis
713 3309 800 3376 etde
821 3310 1025 3378 scientiarum
1041 3311 1172 3379 historia

162 3418 282 3506 optime
298 3419 430 3484 meritus
447 3432 502 3484 est.

209 3529 431 3604 Nuncautem,
436 3531 506 3617 jam
514 3555 578 3598 non
588 3533 783 3605 auctoribus,
793 3534 847 3600 sed
856 3536 950 3599 rebus
958 3534 1034 3621 ipsis
1042 3535 1171 3606 intenti,

163 3665 229 3715 eas,
247 3664 320 3728 quae
333 3641 472 3706 Theonis
486 3665 581 3731 opere
598 3645 811 3721 continentur,
827 3646 1093 3713 considerationes
1104 3648 1173 3711 bre

202 3774 210 3804 ¹
231 3771 298 3827 Vide
309 3770 488 3825 Praelationem
501 3783 615 3828 nostram
628 3772 661 3826 ad
674 3772 805 3828 lectorem.

1005 3888 1022 3940 ὀ
