2992 4822
458 479 461 484 ·
492 453 548 514 AD
570 449 818 514 LECTOREM.
1139 471 1156 510 v

152 603 293 650 oensem
305 582 341 648 in
355 576 578 650 Ambrosiam
593 575 920 672 bibliothecamque
936 574 979 644 ad
993 574 1156 646 Bernardi

152 700 195 772 de
213 699 433 772 Montlaucon
448 713 584 794 tempus
602 701 760 770 exstitisse
778 699 835 768 vix
852 699 927 766 satis
945 709 1098 766 constare
1109 698 1157 768 vi·
1268 797 1272 806 ι

152 821 223 892 deri
249 836 392 918 poterat.
413 821 522 892 Unam
548 823 641 892 enim
667 821 738 902 ille,
767 845 806 891 ex
829 820 918 889 illius
942 817 1157 930 bibliothecae
1198 883 1209 902 ,

152 942 327 1039 Catalogo,
351 942 502 1013 Theonis
524 942 689 1038 Smyrnaei
708 944 849 1012 nomine
867 943 1016 1035 insigniti
1032 938 1157 1010 codicis

150 1063 280 1159 praebet
293 1065 506 1134 mentionem
524 1061 632 1132 hancl
653 1061 749 1164 valde
767 1063 1006 1156 suspiciosam:
1026 1061 1156 1132 Theonis

150 1185 316 1280 Smyrnaei,
333 1184 382 1254 ccl
396 1186 495 1279 potius
513 1182 673 1278 anonymi,
692 1180 731 1252 dc
744 1181 865 1278 spboem
882 1193 913 1252 et
931 1181 963 1252 in
979 1181 1154 1254 Plutonem.

150 1305 256 1393 Quod
270 1305 313 1375 ad
328 1304 482 1376 codicem
496 1303 705 1375 Tolosanum
721 1319 864 1399 spectat,
881 1305 1053 1374 invenitur
1066 1303 1156 1398 apud

151 1426 358 1508 Labbeum²‚
374 1429 409 1496 in
421 1426 582 1522 Catalogo
593 1428 903 1522 manuscriptorum
920 1423 1076 1496 codicum
1093 1423 1157 1496 Ca·

150 1523 215 1619 roli
234 1546 276 1617 de
289 1545 481 1626 Montchal,
502 1545 661 1616 Tolosani
674 1545 932 1642 archiepiscopi,
949 1546 1066 1616 titulus
1078 1545 1154 1616 hio:

149 1667 324 1738 «Theonis
341 1666 495 1762 Smyrnaei
516 1669 590 1738 Tan
612 1673 657 1738 ela
678 1669 715 1736 τὸ
738 1668 953 1755 μαθηματικὸν
970 1667 1154 1762 χρησίμων,

23 1789 26 1796 ’
150 1789 226 1860 «De
244 1789 312 1860 coli
328 1802 360 1862 ct
377 1789 579 1888 terrufiqum
596 1815 636 1860 ca
654 1802 808 1862 astrorum
823 1801 917 1860 nwtu.
934 1789 1077 1883 Incipit:
1093 1764 1155 1860 (ln

149 1917 166 1980 ὁ
190 1917 258 1982 cria‘a
281 1911 410 1999 κόσμος.
435 1911 568 1982 Desinit
587 1941 594 1981 ι
613 1913 653 1981 τὰ
674 1913 829 2002 {halmala
849 1911 1066 1999 κινούμενος.»
1088 1910 1156 1982 Sed

149 2030 192 2102 de
209 2031 277 2103 hoc
298 2035 446 2127 pretioso
465 2033 597 2113 codice,
622 2058 728 2130 quem
744 2032 875 2104 viderat
899 2035 1000 2104 etiam
1018 2031 1155 2104 Bullial-

148 2152 225 2234 dus,
242 2153 324 2250 quid
337 2154 496 2251 deinceps
508 2154 636 2226 lactum
647 2155 776 2238 suisset,
789 2169 866 2226 ante
874 2156 1009 2252 ‚aliquot
1020 2181 1155 2226 menses

149 2273 356 2371 ignorabam.

199 2395 268 2468 Nec
277 2400 381 2493 magis
392 2398 540 2469 sciebam
549 2396 705 2494 Lugduni
715 2399 919 2472 Batavorum
930 2413 1055 2472 exstare
1066 2399 1155 2471 Pari-

148 2519 262 2588 aiensis
280 2519 369 2590 illius
388 2518 512 2591 codicis
531 2520 765 2616 apographon,
784 2546 854 2617 quo
877 2522 982 2603 lecto,
1005 2526 1059 2593 vir
1077 2521 1155 2593 doe

148 2641 294 2710 tissimus
313 2637 355 2710 de
375 2639 521 2712 Gelder³
538 2641 688 2713 Theonis
705 2667 790 2737 opus
808 2643 894 2713 illud
912 2642 954 2714 ad
978 2643 1154 2716 historiam

128 2769 131 2776 “
148 2763 362 2832 astronomiae
380 2763 613 2857 explicandam
632 2763 825 2836 Cleomedis
838 2790 940 2860 opere
956 2767 1074 2837 utilius
1084 2791 1156 2837 me·

147 2883 213 2952 rito
227 2881 421 2964 declaravit,
440 2897 474 2954 et
487 2885 547 2955 illo
563 2888 730 2955 contineri
746 2889 892 2968 notavit,
909 2901 1032 2983 praeter
1046 2888 1153 2958 multa

148 3001 190 3078 da
204 3006 345 3074 summis
356 3003 447 3100 apud
459 3009 615 3101 antiquos
628 3009 664 3076 in
679 3007 919 3079 mathematica
929 3011 1153 3080 scientiaviris

147 3121 367 3206 documenta,
386 3139 475 3196 totos
489 3125 684 3208 Alexandri,
705 3129 797 3225 Ibyci
816 3143 850 3200 et
864 3128 955 3202 Arati
974 3145 1152 3226 poetarum

189 3347 197 3377 ¹
220 3349 254 3409 ln
280 3351 448 3414 Bibliotheca
472 3352 689 3416 bibliothecarum
711 3355 952 3438 manuscriptorum
973 3377 1056 3424 mua,
1080 3366 1100 3414 t.
1123 3356 1152 3424 l,

146 3473 174 3533 p.
192 3451 253 3512 505
267 3453 299 3513 C.

52 3579 54 3594 .
188 3553 198 3582 ²
220 3554 254 3614 In
264 3555 432 3619 Bibliotheca
442 3580 511 3620 noua
523 3560 778 3643 manmcriptorum,
791 3583 819 3643 p.
836 3560 1044 3644 191.Parisiis,
1061 3559 1149 3629 1653.

146 3657 229 3726 ind'.

187 3757 197 3788 ³
219 3760 487 3834 Pramouendorum,
506 3785 529 3822 c.
554 3784 590 3834 11,
607 3765 620 3824 S
637 3763 669 3833 lt,
691 3765 721 3824 in
741 3765 867 3826 Theonis
888 3763 1072 3826 arithmetica
1091 3763 1173 3836 edi,

36 3915 39 3922 .
145 3862 230 3923 tione.
246 3863 385 3944 Lugduni
401 3864 587 3936 Batavorum,
609 3867 702 3948 1827,
718 3869 800 3929 ira-8⁰.
