2992 4822
484 425 541 488 DE
563 423 860 490 asioouoossa.
1139 428 1180 492 59

169 564 234 632 tota
249 550 421 640 geometria
437 550 519 616 hane
534 549 683 626 meritus,
700 549 917 618 mathematici
934 543 1107 619 Dinostrati
1124 551 1181 620 ira·

169 664 247 740 ter¹,
264 664 381 730 conicis
393 663 584 730 sectionibus
597 674 652 728 aut
663 662 805 751 primus,
818 675 874 730 aut
885 663 970 729 inter
983 663 1120 752 primos,
1134 663 1181 730 uti

170 789 301 844 conatus
311 789 357 842 est
366 777 406 843 ad
418 775 608 843 solvendum
619 775 786 863 problema
796 775 836 840 de
846 775 1062 863 duplicatione
1072 775 1181 841 cubi²r

170 890 258 980 quod
280 891 399 979 absque
419 889 551 955 illarum
571 888 750 954 sectionum
772 887 889 952 auxilio
910 897 1108 954 tentaverant
1125 885 1182 953 Ar·

170 1000 297 1093 chytas³
314 1019 375 1092 per
395 1001 547 1082 dimidios
567 1000 756 1088 cylindrosa
779 1012 811 1066 et
830 999 981 1068 Eudoxus
1005 1024 1063 1089 per
1083 1001 1184 1071 lineas

170 1139 243 1205 quae
254 1121 403 1203 κάμπιλαι
415 1113 596 1179 dicuntur⁵.
609 1143 621 1170 ι
632 1111 711 1185 Sed,
729 1111 773 1184 ait
785 1110 1037 1186 Eratosthenssl,
1054 1112 1103 1180 illi
1115 1135 1183 1181 om·

170 1251 251 1294 «nes
268 1224 508 1294 demonstrandi
526 1245 620 1295 causa
631 1224 799 1312 scripsere,
813 1245 873 1290 nec
883 1245 959 1290 vero
970 1236 1104 1312 potuere
1114 1247 1185 1292 rem

172 1361 295 1406 «manu
312 1338 437 1414 efficere
453 1349 485 1404 et
500 1349 621 1406 vertere
633 1337 668 1405 in
681 1360 787 1404 usum.
800 1367 812 1394 ι
824 1335 936 1415 Quum
948 1349 1057 1404 autem
1070 1337 1115 1404 eis
1131 1338 1186 1406 hic

172 1451 269 1526 etiam
290 1449 530 1518 demonstrandi
551 1461 681 1520 conatus
703 1473 820 1538 parum
837 1450 1048 1525 successisset,
1067 1451 1094 1516 si
1110 1451 1184 1517 Plu·

171 1563 298 1632 tarcho⁷
315 1563 528 1638 credendum,
546 1561 758 1651 confugerunt
777 1561 820 1630 ad
841 1562 1054 1630 instrumenta
1070 1573 1102 1628 et
1118 1585 1199 1646 rne-¹

170 1676 549 1765 chenicasoperationes,
567 1687 602 1744 et
615 1675 688 1744 ideo
705 1699 724 1742 a
740 1675 872 1744 Platone
888 1686 964 1743 sunt
980 1675 1184 1764 reprehensi,

169 1801 326 1880 tanquam
342 1788 549 1878 geometriam
562 1788 603 1856 ad
615 1788 777 1856 sensibilia
788 1788 1015 1877 deprimentes.
1028 1789 1185 1856 Menaech·

170 1923 264 1968 mum
280 1913 390 1968 autem
407 1913 552 1968 nostrum
569 1901 722 1968 eumdem
739 1923 806 1968 esse
823 1923 991 1968 censemus
1008 1912 1104 1989 atque
1120 1902 1184 1968 Me·

171 2013 357 2084 uaeahmum
373 2011 681 2103 Alopeconnesium,
698 2013 799 2080 trium
815 2013 974 2080 lihrorum
994 2013 1029 2080 in
1047 2013 1186 2088 Platonis

172 2124 399 2214 Rempuhlicom
415 2137 594 2201 auctorem,
613 2148 714 2216 quem
729 2125 815 2192 maie
831 2125 871 2195 M
870 2127 1057 2195 onesimum
1072 2139 1187 2194 vocant

173 2237 287 2307 Suidas
303 2250 336 2304 et
350 2237 491 2306 Eudocia
503 2240 531 2314 ⁸,
550 2251 582 2306 et
597 2239 633 2306 in
654 2261 693 2308 eo
709 2237 816 2308 forsan
838 2261 949 2328 opere,
968 2239 1010 2308 ad
1029 2237 1093 2306 fusi
1109 2239 1184 2306 Par·

212 2425 221 2456 ¹
241 2419 308 2478 Vide
317 2421 455 2488 Proclnm,
468 2421 643 2488 inEnolidcm,
652 2423 692 2488 II,
705 2441 732 2500 p.
749 2441 796 2497 19,
811 2421 852 2478 ed.
863 2441 902 2498 gr.
912 2422 990 2478 Basil.
1007 2419 1060 2496 (vel
1069 2422 1098 2476 in
1108 2421 1186 2478 Fahr.

172 2513 236 2571 liiii.
249 2527 318 2593 put.
332 2515 371 2585 11,
385 2517 412 2594 p.
423 2519 477 2575 385
491 2530 541 2574 vet
557 2515 625 2591 ed).
641 2517 682 2574 cf.
695 2536 722 2593 p.
738 2537 833 2582 orno,
852 2519 885 2573 31
904 2528 931 2572 et
947 2519 981 2573 68
998 2515 1039 2572 ed.
1054 2535 1092 2590 gr.
1107 2507 1186 2572 Basii.

188 2619 191 2632 ¹
209 2611 221 2644 ¹
239 2609 307 2666 Vide
319 2611 533 2676 Eratosthenem,
548 2611 621 2686 apud
640 2609 781 2668 Entocinm
798 2612 826 2666 in
842 2609 1028 2666 Archimedem
1043 2609 1082 2664 oa
1094 2611 1188 2687 spiere

171 2701 334 2782 etcyiindro,
345 2725 373 2782 p.
389 2725 469 2764 aros
488 2706 529 2762 ed.
545 2725 584 2780 gr.
600 2705 679 2764 Basil.
694 2706 747 2781 (rel
760 2708 789 2765 io
803 2705 967 2780 Bernhardyi
984 2705 1187 2770 Emtostheoicia,

171 2817 198 2873 p.
217 2818 269 2873 177
288 2809 314 2854 et
335 2801 415 2873 180),
432 2799 570 2864 Proclum,
588 2799 614 2854 in
630 2798 772 2865 Euclidem,
789 2802 829 2867 ΙΙ,
849 2820 877 2878 p.
897 2802 948 2867 31,
968 2811 995 2856 et
1012 2799 1038 2856 in
1057 2799 1187 2864 rusam,

172 2909 198 2966 p.
216 2897 267 2965 1h9
280 2910 309 2960 o,
322 2909 353 2958 o,
366 2893 409 2949 ed.
422 2912 462 2966 gr.
474 2893 554 2950 Besil.
564 2894 608 2968 (p.
621 2893 674 2950 353
689 2895 866 2969 Schneideri).

211 2987 221 3020 ³
240 2986 308 3043 Vide
317 2986 456 3052 Proclama,
470 2987 496 3042 io
510 2986 638 3052 Piraeon,
651 2988 670 3044 l.
682 3008 706 3046 c.
900 3029 903 3036 -

211 3079 222 3112 ⁸
240 3079 307 3136 Vide
323 3081 538 3144 Eratosthenem,
557 3080 587 3136 ll.
604 3099 644 3138 cc.
663 3093 690 3137 et
710 3081 874 3147 vitruvium,
891 3083 941 3148 IX,
964 3082 1036 3140 Prael.
1061 3083 1124 3155 (IX,
1141 3082 1185 3154 3),

175 3190 201 3244 p.
216 3171 268 3243 ²³9
279 3175 442 3229 Schneideri.

211 3269 221 3300 ⁸
240 3265 306 3322 Vide
317 3268 532 3332 Eratosthenem,
543 3267 573 3322 ll.
585 3287 622 3322 cc.

212 3360 222 3390 ⁶
242 3359 272 3414 L.
286 3377 308 3413 c.
322 3379 349 3435 p.
365 3381 416 3436 177
426 3359 598 3436 Bernhardyi.

211 3456 221 3487 ⁷
242 3453 339 3509 Gouoiv.
352 3465 434 3528 quest.
447 3458 523 3520 Vlll,
539 3475 564 3512 a.

211 3551 221 3582 ³
240 3547 267 3602 S.
279 3565 302 3601 ι.
313 3548 468 3622 Μάιαιχμοι.
482 3549 569 3604 Simili
579 3567 679 3622 errore,
693 3551 842 3622 Μέναιχμος
851 3553 985 3606 Σικυώνιος
995 3550 1067 3625 apud
1077 3550 1186 3606 Suidem

174 3651 200 3696 et
217 3639 364 3698 Eudoeiam
377 3653 416 3700 eat
431 3645 608 3703 Monaechmus
625 3643 774 3720 Sicyonius,
791 3645 931 3704 summias
946 3657 973 3700 et
984 3646 1137 3708 historicus,
1153 3643 1187 3698 de

173 3753 226 3810 qno
239 3735 300 3792 eide
314 3735 483 3803 Harduinum
496 3739 524 3794 in
537 3737 620 3794 lodice
633 3751 759 3794 motorum
769 3737 862 3802 Plinii,
875 3751 902 3794 et
911 3739 1046 3805 Vossiom,
1061 3737 1099 3794 De
1112 3735 1186 3792 huto-

174 3826 343 3904 ricr'rqroeis,
356 3831 381 3895 l,
400 3851 442 3886 ιι.
1048 3831 1050 3834 ’
