2958 4824
471 437 529 500 or
548 435 853 500 assrnouonn.¹
1108 438 1166 502 ras
1265 393 1267 398 ⁵

152 561 268 632 Terrae
299 565 494 657 proximum
521 585 593 632 esso
623 561 727 634 Lunae
760 563 947 642 circulum,
978 563 1167 634 secundum

153 706 255 776 supra
279 681 373 752 hunc
402 681 579 764 Mercurii,
607 682 731 753 deinde
763 681 974 778 Phosphori,
1008 697 1168 782 quartum

154 805 258 884 Solis,
278 819 361 876 tum
389 801 524 886 Martis,
552 803 676 876 deinde
699 803 809 886 lovis,
836 805 997 878 ultimum
1024 829 1106 878 vero
1137 821 1170 878 et

154 926 382 998 inerrantibus
408 927 511 998 stellis
533 930 729 1022 proximum
752 927 890 998 Saturni
914 929 1091 1011 oirmrlurn.
1117 926 1170 998 llli

156 1051 249 1118 enim
261 1049 384 1120 volunt
396 1045 551 1122 medium
567 1052 656 1120 inter
669 1062 756 1120 astra
768 1050 914 1122 errantia
923 1050 1040 1126 locum
1053 1063 1170 1122 tenere

156 1169 244 1239 Solis
269 1170 451 1248 citandum,
478 1183 598 1263 utpote
622 1168 833 1242 dominando
860 1172 1022 1264 aptissimi
1044 1184 1079 1242 et
1103 1183 1172 1242 tan·

156 1315 261 1385 quam
287 1289 398 1362 cordis
415 1291 651 1361 universitatis.
671 1291 753 1362 Haec
772 1305 886 1362 autem
904 1291 1052 1362 declarat
1070 1273 1171 1362 etiam

155 1412 348 1482 Alexander
365 1412 511 1492 AEtolus,
530 1413 576 1482 sic
594 1412 762 1507 loquens:

242 1606 375 1688 Superne
390 1605 470 1687 aliud
485 1605 543 1666 alio
558 1605 744 1666 excelsiorem
759 1605 871 1670 obtinet
886 1607 1046 1680 circulum:

240 1709 372 1792 proxima
387 1709 485 1768 divina
500 1709 585 1768 Luna
599 1709 676 1768 circa
690 1709 828 1777 Terram

240 1812 386 1872 secundus
401 1811 516 1872 Stilbon
532 1809 636 1894 chelyn
651 1813 794 1873 moventis
810 1811 962 1878 Mercurii;
1028 1827 1030 1834 ’

157 2008 270 2076 codice,
288 2020 317 2067 et
334 2005 477 2074 Theonis,
498 2006 543 2066 vel
566 2007 662 2089 potius
682 2006 797 2068 Adrasti
804 2044 813 2075 ‚.
831 2007 1044 2067 commentario
1065 2005 1170 2088 adjuti,

157 2110 210 2170 bos
222 2131 337 2178 versus,
350 2111 452 2192 quales
463 2109 571 2172 lecerat
583 2121 682 2192 poeta,
697 2110 786 2192 primi
800 2131 880 2170 nunc
895 2109 1085 2170 restituimus.

180 2255 182 2262 >
202 2210 211 2242 ⁴
233 2213 268 2272 In
280 2213 381 2274 codice
393 2214 551 2276 barisiensi
565 2225 595 2274 et
605 2213 637 2272 in
647 2213 825 2274 editionibus
835 2213 989 2282 omnibus,
1000 2208 1170 2294 idipreroo.

159 2315 395 2397 Comparativum
411 2317 615 2400 reponendum
631 2317 737 2378 merito
751 2319 913 2400 conjecerat
928 2312 1117 2378 Meinectius.

15 2481 16 2490 ,
111 2421 115 2426 ”
185 2415 212 2466 Ψ
235 2416 269 2476 ln
284 2417 384 2478 codice
398 2419 554 2480 Parisiensi
569 2417 671 2499 ἔλαχε.

203 2519 212 2548 ⁶
235 2520 352 2582 thidem‘
366 2520 521 2592 σελήναίας
537 2521 589 2583 aed
609 2532 761 2582 accentum
782 2541 870 2604 supra
889 2545 909 2593 η
929 2521 1028 2582 delere
1050 2519 1174 2580 voluisse

160 2623 276 2684 ridetur
288 2622 435 2684 librarius.
451 2621 560 2686 Galeus
573 2623 634 2684 edit
646 2623 797 2694 σεληναΐα.
812 2624 965 2684 Fabriciis
977 2623 1126 2695 σεληναία.

202 2725 212 2756 ⁷
235 2727 269 2788 ln
279 2727 434 2791 Parisisusi
447 2739 476 2787 et
486 2725 629 2790 Grotiano
644 2725 809 2795 codicibus,
822 2737 851 2786 et
863 2725 942 2808 apud
957 2725 1124 2787 Fabricium
1134 2735 1176 2786 est

159 2829 312 2910 χελιζώον.
327 2829 478 2912 Scriptum
495 2840 557 2890 erat
570 2825 729 2909 χελιξώου,
744 2827 841 2910 inquit
857 2827 973 2889 Galeas.
995 2829 1029 2894 ln
1044 2828 1176 2910 margine

160 2931 293 2994 Grotiani
309 2928 418 2994 codicis
443 2944 487 2994 est
506 2931 694 3012 χελυσσόου,
719 2931 799 3014 quod
824 2932 855 2992 in
880 2941 992 2992 textum
1017 2930 1126 3010 Galeus
1148 2941 1178 2990 et

162 3035 358 3096 Schneiderus
365 3045 554 3118 receperunt,
563 3041 659 3095 metro
667 3045 857 3116 repugnante.
869 3036 978 3096 Vocem
988 3033 1176 3114 χελυόσσόου

164 3137 211 3199 bic
225 3137 379 3220 legendam
389 3150 469 3200 reete
482 3139 607 3222 conjecit
621 3137 751 3206 Helius,
769 3149 798 3202 et
812 3161 829 3198 a
845 3136 1006 3200 bleineckio
1020 3139 1051 3196 in
1067 3147 1176 3197 textum

165 3249 278 3321 recepta
290 3251 343 3300 est.
357 3242 469 3302 baricis
480 3240 615 3304 addatur.

208 3340 217 3370 ³
239 3341 287 3402 Sic
305 3353 336 3404 et
354 3343 436 3426 apud
451 3343 578 3405 Galetmr
600 3343 826 3428 Fabriciumque
847 3343 964 3424 legitur,
987 3339 1179 3423 probantibus

166 3444 524 3512 rtaekioettteineckiota
535 3447 636 3509 codice
646 3439 1180 3530 Parisienailegiturtppeioo.Schnei-

166 3550 254 3612 derus
269 3547 361 3610 edidit
375 3555 507 3631 opperior,
523 3562 551 3612 et
571 3551 612 3611 sic
630 3551 663 3610 in
680 3549 823 3612 Grotiano
835 3533 936 3610 codice
950 3547 1066 3630 legitur,
1083 3547 1108 3605 si
1124 3545 1179 3628 ipsi

165 3651 348 3714 credendum
362 3663 406 3712 eet
417 3675 425 3710 a
438 3654 469 3716 in
483 3672 544 3736 quo
558 3657 611 3714 aut
626 3651 745 3714 Grotius
761 3653 904 3720 scribens,
920 3661 971 3712 aut
984 3646 1180 3711 Schneider-us

165 3755 265 3840 legent
281 3755 420 3829 erritrisae
434 3755 556 3818 videtu.
569 3755 738 3819 Chalcidice
755 3756 818 3838 (tot
833 3753 872 3818 26
887 3763 905 3818 d
920 3753 1064 3822 ascensii,
1078 3773 1105 3834 p.
1124 3749 1180 3812 155

167 3858 304 3939 Meursii)
320 3857 406 3926 uertit
421 3858 573 3942 Cylletiua:
630 3875 632 3884 ’
699 3883 704 3893 ’
895 3873 898 3880 ’
