2970 4822
466 419 523 483 DE
545 419 842 484 ASTRONOlllA.
1119 423 1159 485 70

149 549 200 614 his
212 549 317 615 verbis
330 573 338 612 a
353 545 491 613 tEthaec
508 547 640 636 quidem
657 545 818 612 Adrastus.
833 546 938 612 »Turn
955 547 990 610 in
1003 546 1105 634 capite
1121 567 1159 611 xt.
1176 603 1183 614 .

149 661 336 749 loquentem
350 661 475 727 inducit
485 660 703 750 Dercyllidem
714 659 837 747 ipsum,
848 669 880 724 et
891 658 928 722 in
941 658 1043 746 capite
1056 677 1106 722 ιιι
1119 657 1160 724 de

149 775 378 862 hypothesibus
402 775 601 840 astronomiae
623 773 806 839 necessariis
825 771 1016 860 Dercyllidis
1037 782 1160 836 senten·

150 887 227 952 tiam
244 888 381 975 exponit.
403 889 439 952 ln
456 887 582 953 duobus
601 886 724 950 ultimis
744 885 915 972 capitibus,
933 907 1032 970 quem
1048 906 1159 971 sequa-

149 1012 216 1072 tur,
238 1012 293 1066 aut
313 1023 394 1066 num
417 1000 555 1088 propriis
581 1009 688 1062 utatur
709 997 845 1068 viribus,
862 1015 927 1060 non
949 997 1099 1064 declarat.
1124 998 1159 1062 ln

148 1113 298 1200 Epilogo,
320 1113 468 1199 quintam
492 1111 596 1196 operis
616 1120 740 1196 partem
763 1107 951 1180 annuntiat,
973 1108 1008 1172 in
1031 1131 1096 1195 qua
1117 1107 1161 1172 sic

149 1225 317 1312 Thrasyllo
334 1225 417 1288 duce
433 1245 467 1288 se
484 1245 619 1287 usurum
637 1221 814 1308 profitetur,
829 1225 870 1284 ut‘
883 1219 1015 1286 Adrasto
1031 1220 1065 1283 in
1085 1241 1163 1307 praa·

150 1337 232 1401 senti
246 1337 329 1400 libro
346 1356 422 1400 usus
436 1347 492 1400 est.

198 1445 233 1511 si
253 1447 387 1534 quidem
406 1448 440 1511 in
458 1447 531 1512 totis
546 1446 702 1532 capitibus
719 1467 769 1510 rvr
786 1457 817 1510 et
830 1467 905 1510 rxur
924 1445 1076 1510 Adrastus
1095 1447 1162 1534 ipse

150 1559 301 1644 loquitur,
314 1597 348 1608 --
358 1559 398 1623 de
414 1581 479 1645 qua
493 1578 528 1622 re
544 1555 743 1629 dubitamus,
752 1557 910 1644 -ipsius‚
923 1578 988 1622 non
1006 1557 1161 1630 Theonis,

149 1682 223 1735 sunt
244 1669 467 1736 Commentario
492 1676 522 1734 in
548 1669 682 1734 Platonis
705 1669 947 1757 Rempobiicam,
976 1682 1007 1735 et
1033 1669 1163 1758 Sphore

148 1787 323 1848 conshuctio
349 1785 510 1848 secundnm
535 1779 670 1846 Plutonis
697 1787 881 1869 opinionem,
907 1783 948 1847 de
974 1782 1093 1869 quibus
1117 1783 1162 1848 ibi

148 1915 252 1960 sermo
269 1897 346 1960 est¹.

195 2005 242 2072 Ex
255 2007 306 2072 his
315 2005 441 2074 Adrasti
452 2009 502 2073 vel
515 2007 656 2072 Theonis
663 2007 915 2080 commentariis,
925 2017 980 2077 aut
990 2029 1027 2072 ex
1038 2007 1162 2073 Adrasti

149 2121 360 2186 astronomico
374 2143 470 2210 opere
487 2132 631 2186 sumtum
648 2143 715 2186 esse
731 2119 933 2208 suspicamur
949 2117 1107 2186 Chalcidii
1120 2121 1162 2186 lo·

150 2253 240 2304 cum,
259 2232 293 2296 in
312 2254 377 2319 quo
398 2233 439 2298 de
458 2233 609 2299 Mercurii
634 2245 670 2298 et·
684 2233 815 2299 Veneris
835 2233 976 2299 motibus
996 2233 1162 2322 opiniones

150 2343 271 2409 ewam
290 2346 408 2420 ambae,
428 2369 464 2410 ac
482 2347 517 2410 in
534 2346 675 2411 Theonis
693 2345 795 2434 capite
817 2367 925 2419 muru,
946 2357 1161 2418 recensentur,

150 2455 206 2522 sed
225 2457 338 2530 altera,
355 2456 487 2525 Adrasto
507 2471 538 2524 et
554 2459 681 2525 Theoni
700 2459 800 2547 magis
824 2469 965 2547 accepta,
988 2459 1162 2526 Heraclidae

153 2569 277 2635 Pontici
293 2570 406 2645 fuisse,
420 2582 451 2637 et
467 2570 579 2645 altera,
598 2571 764 2638 Chalcidis
781 2572 881 2659 magis
898 2573 1044 2659 probata,
1061 2571 1163 2660 ipsius

150 2679 247 2747 luisse
262 2681 403 2748 Platonis
418 2684 545 2750 dicitur.
565 2685 687 2764 Quare,
701 2707 743 2750 ne
755 2683 836 2772 quid
848 2703 960 2750 eorum
977 2663 1165 2772 praetermitss

149 2803 272 2868 tamus,
290 2817 362 2882 quae
379 2817 416 2861 ex
433 2794 559 2862 Adrasti
574 2796 624 2862 vel
643 2795 784 2862 Theonis
800 2796 1018 2862 astronomicis
1039 2797 1163 2886 placitis

150 2920 335 2994 supersunt,
357 2919 461 2975 totum
483 2909 572 2976 hunc
596 2907 754 2977 Chalcidii
775 2909 883 2975 locum
908 2909 985 2975 huic
1006 2909 1162 2976 volumini

151 3020 414 3109 subjungemus2.

618 3205 632 3260 s
653 3211 696 3279 ro.

156 3393 158 3396 ·
199 3355 389 3423 Auctoribus
409 3359 527 3446 quibus
552 3357 665 3426 Theon
689 3383 766 3427 usus
787 3374 834 3428 est
857 3362 1002 3432 Snannou
1025 3361 1162 3452 philoso·
1228 3417 1237 3430 .
1275 3404 1320 3431 aa..

150 3466 257 3555 phum
280 3491 345 3534 non
369 3491 629 3540 annumeramus.
654 3472 681 3539 A
702 3475 832 3541 librario
854 3476 943 3541 enim
963 3475 1072 3565 aliquo
1092 3489 1162 3565 post

150 3579 292 3645 Theonis
306 3581 478 3669 Epilogum
493 3584 639 3652 additum
654 3609 721 3652 csse
736 3588 897 3654 credimus
913 3588 1025 3666 Sereni
1041 3611 1059 3654 e
1076 3588 1161 3654 Lem·

189 3732 197 3762 ¹
219 3728 283 3783 Vide
294 3728 375 3802 hujus
387 3729 452 3811 Dias.
466 3743 531 3804 part.
544 3735 569 3795 l,
581 3753 602 3788 c.
617 3753 639 3796 r,
653 3733 702 3789 Sb.

188 3825 198 3854 2
218 3823 284 3877 Vide
294 3821 455 3896 Appendicem
467 3825 577 3880 alteram.
