2964 4824
470 431 526 492 DE
549 431 847 494 astronomi.
1093 431 1155 494 25³

155 563 190 629 ἰῃ
206 587 221 628 ε
242 588 247 626 :
269 557 436 628 describet
454 581 532 652 crgo
551 561 651 627 etiam
670 557 770 626 simui
786 584 825 648 χε
843 579 960 626 arcum
979 558 1156 624 excentrici

154 680 326 775 reliquum
345 694 380 750 et
393 680 557 762 similem3
576 682 688 774 itaque
705 693 815 750 toturn
835 677 973 775 cpicycli
991 676 1157 748 ambitum

152 783 319 871 emetiens
330 800 550 896 aequabiditcr‚
565 799 648 870 dum
660 825 721 893 per
733 801 987 870 concentricum
996 795 1156 878 defertur,

156 921 323 992 describet
334 924 581 992 excentricum.:
594 920 689 1014 quod
702 920 933 990 demonstrare
944 918 1131 1013 oportebat.

208 1043 467 1114 Demonstratur
488 1041 581 1111 idem
600 1043 701 1111 ctiam
716 1040 783 1110 hoc
802 1039 919 1110 modo.
939 1039 989 1108 Sit
1005 1039 1158 1110 zodiacus
1261 1071 1267 1111 r

156 1161 254 1255 αέγὸς
269 1164 367 1234 'Solis
393 1162 560 1259 epicyclus
585 1157 673 1242 εζηκ,
699 1175 853 1232 centrum
878 1160 1007 1231 habens
1031 1163 1066 1230 in
1096 1164 1158 1231 cir-

156 1287 250 1355 cuitu
276 1278 358 1373 μονξ
373 1284 491 1354 circtdi
514 1285 677 1378 positum,
699 1285 757 1378 qui
779 1297 828 1352 est
849 1284 1082 1354 concentricus
1099 1283 1160 1352 cir-

157 1431 237 1475 cum
255 1407 273 1475 θ
291 1418 447 1474 centrum
470 1405 632 1486 universi;
658 1417 691 1474 et
715 1406 757 1474 sit
778 1418 995 1497 punctum,
1016 1403 1034 1473 a
1054 1401 1158 1474 Terra

157 1528 302 1596 maxime
321 1525 458 1604 distans,
485 1524 548 1594 sub
571 1526 690 1618 quinto
715 1538 749 1594 et
765 1523 907 1595 dimidio
924 1523 1030 1619 gradu
1049 1524 1160 1596 Gemi·

158 1671 291 1717 norum.
309 1647 395 1716 Dico
414 1645 486 1716 scre
504 1660 557 1726 ut,
580 1645 708 1716 circulo
728 1673 764 1716 κε
780 1660 876 1717 moto
898 1645 1107 1741 aequabditer
1124 1650 1158 1716 in

156 1771 299 1838 circuitu
324 1761 408 1854 μονξ
431 1767 547 1837 circuli
573 1769 607 1836 iu
635 1771 839 1838 contrariam
861 1770 1068 1839 universitati
1089 1793 1160 1862 par-

155 1904 241 1970 tem,
262 1889 336 1970 Sol,
356 1891 392 1958 in
411 1887 534 1960 codem
553 1903 707 1982 tempore
725 1887 854 1958 delatus
872 1892 907 1958 in
925 1891 1067 1958 circuitu
1088 1885 1161 1970 εκηζ

157 2011 296 2106 epicycii
323 2008 533 2104 aequabiiiter
564 2023 597 2079 et
627 2012 813 2090 contrario,
846 2023 946 2104 atquc
975 2009 1158 2105 epicyclus‚

157 2145 269 2212 motu,
289 2131 348 2200 sed
365 2129 486 2202 eodem
505 2155 618 2202 versus
639 2155 707 2226 quo
730 2145 763 2200 et
779 2137 990 2211 universum,
1009 2157 1064 2226 per
1083 2132 1161 2201 occi-

157 2252 232 2322 dens
244 2251 410 2322 describat
421 2255 521 2322 etiarn
535 2254 762 2322 excentricuur
777 2277 913 2348 aequum
926 2247 1008 2342 μονξ
1016 2277 1160 2324 concen-

158 2376 253 2474 trico.
270 2373 429 2443 Delatum
444 2376 486 2443 sit
498 2375 591 2442 enirn
604 2387 761 2444 centrum
773 2404 796 2462 μ
807 2399 869 2467 per
879 2399 999 2445 'arcum
1013 2376 1161 2470 aliquem

107 2585 113 2596 ,
158 2523 198 2582 po
216 2519 278 2589 pro
298 2495 435 2566 arbitrio
452 2509 617 2600 sumtum,
638 2510 673 2566 et
689 2495 895 2566 transtulerit
917 2497 1105 2592 epicyclum
1126 2499 1162 2566 in

158 2617 322 2688 circulum
342 2645 421 2713 πρχ.
440 2616 499 2686 Sci
518 2607 646 2697 autem,
666 2641 762 2687 orsus
780 2643 799 2686 a
816 2631 943 2712 puncto
965 2645 995 2697 ε,
1015 2616 1052 2686 id
1074 2633 1123 2688 est
1141 2645 1163 2697 ¹a

158 2753 284 2832 puncto
301 2767 334 2835 ρ,
355 2739 390 2806 in
410 2737 532 2808 eodem
550 2753 706 2832 tempore
725 2763 880 2808 emensus
902 2743 943 2808 sit
963 2763 1078 2810 arcum
1102 2769 1161 2836 pn,

191 2911 212 2941 ¹⁶
233 2912 266 2971 ln
283 2912 381 2974 codice
394 2935 464 2992 πεχ.
480 2911 538 2974 Sed
552 2935 633 2979 mox,
649 2914 680 2972 in
696 2913 815 2972 inversae
829 2913 1032 2994 propositionis
1046 2912 1163 2972 demon·

160 3015 308 3082 strationis,
325 3026 401 3076 recte
415 3015 527 3097 legetur
539 3037 612 3097 -πρχ,
624 3015 675 3074 Est
689 3026 786 3074 autem
801 3013 893 3074 forma
906 3015 1024 3096 antique
1037 3013 1163 3076 littenes

160 3119 190 3176 in
206 3115 353 3176 codicibus
367 3116 466 3178 multis
482 3119 557 3199 parti
572 3118 714 3198 superiori
729 3116 828 3176 litterae
843 3139 860 3195 ρ
875 3115 1041 3176 subsimilis.

194 3217 215 3246 ¹⁵
237 3219 270 3277 In
285 3219 382 3279 codice
397 3221 514 3300 signum
529 3219 614 3281 Solis.
1040 3281 1047 3300 ,

194 3319 213 3349 ¹⁸
237 3320 293 3379 Pro
309 3344 340 3400 ρ.
355 3322 387 3380 in
402 3322 499 3382 codice
514 3334 557 3382 est
571 3323 703 3404 signum,
719 3321 798 3404 quod
809 3321 920 3382 'l'ubuie
936 3341 965 3389 u,
982 3329 1013 3380 n⁰
1024 3321 1077 3388 36.
1091 3321 1164 3380 exhi-

160 3423 254 3488 betur.
269 3432 297 3481 et
311 3422 358 3481 cui
373 3425 551 3505 superposita
564 3435 671 3505 puncta
682 3424 891 3484 dubitationem
903 3423 1014 3484 librarii
1027 3423 1163 3482 indicant.

160 3523 286 3586 Credere
300 3525 391 3605 possis
406 3523 462 3585 hoc
481 3527 599 3608 signum
613 3546 676 3586 esse
690 3546 743 3608 pro
759 3547 828 3586 voce
843 3530 990 3605 ἀπογείου.
1007 3525 1064 3586 Sed
1078 3525 1165 3608 paulo

161 3626 249 3696 inira,
266 3627 298 3685 in
317 3627 436 3686 inversae
455 3629 659 3710 propositionis
682 3628 942 3697 demonstratione,
964 3629 1104 3710 scriptum
1123 3639 1166 3688 est

161 3729 356 3798 subsimiliter‚
373 3727 531 3812 ἀρξάμενος
544 3735 666 3790 ἀπὸτοῦ
683 3753 713 3800 ε,
732 3734 814 3790 τουτί
828 3729 905 3811 (lege
923 3729 1086 3808 torserint)
1108 3733 1165 3788 ἀπὸ

161 3853 201 3913 πρ
215 3830 291 3913 (lege
307 3835 428 3890 ἀπὸτοῦ
445 3834 486 3912 ρ).
