2992 4822
481 431 536 492 DE
560 425 855 493 ASTRONOMIA.
1133 431 1172 493 35

558 682 697 743 CAPUT
719 683 777 742 111.
826 719 830 724 -

411 863 523 904 comere
548 859 723 902 Panrsreusrs
747 859 925 900 Descmrrto.

642 1051 700 1106 Sl.

213 1225 321 1291 Codex
336 1221 522 1288 Parisiensis
543 1231 589 1284 est
611 1221 654 1284 35
678 1225 854 1285 centimetro
873 1221 1003 1308 longus,
1024 1225 1066 1294 ni
1085 1229 1175 1288 confi-

167 1337 404 1422 astrologus,
426 1332 498 1398 rufa
520 1333 603 1421 pelle
625 1332 758 1401 indutus
766 1361 784 1406 s
798 1333 935 1400 fortioris
960 1335 1076 1402 chartae
1094 1335 1178 1402 foliis

167 1449 294 1537 triginta
303 1459 463 1521 constans,
476 1467 616 1533 quorum
628 1445 772 1533 primum
782 1458 813 1512 ct
821 1447 975 1514 ultimum
984 1469 1083 1527 vacua
1092 1461 1176 1516 aunt.

167 1563 291 1628 Cetera
307 1570 377 1627 octo
402 1569 434 1623 et
455 1557 585 1644 viginti,
613 1557 757 1626 numeris
783 1546 903 1625 recenti
929 1581 1029 1626 manu
1055 1561 1179 1650 scriptis

165 1670 329 1764 insignita,
352 1669 492 1738 Theonis
512 1669 739 1736 astronomiam·
759 1671 864 1759 plenis
889 1693 942 1738 sex
955 1683 997 1738 et
1021 1673 1179 1760 quinqua·

165 1787 252 1874 ginta
260 1783 384 1873 paginis
395 1783 574 1856 continent,
585 1807 725 1872 quarum
735 1805 938 1872 unaqueque
946 1785 1043 1852 habet
1051 1787 1179 1874 ιη’ςίυιει

165 1900 265 1966 lineas
287 1921 323 1964 ιι
344 1901 519 1963 centimetro
533 1909 567 1962 et
581 1897 756 1964 dimidium
777 1899 899 1985 longas,
921 1899 1059 1987 exceptis
1075 1899 1182 1988 prima

167 2012 299 2099 pagina,
317 2011 369 2076 cni
386 2031 502 2076 novem
519 2021 550 2074 et
565 2010 677 2098 viginti
692 2021 820 2076 tantuna
835 2011 927 2079 lineae
943 2011 1071 2086 insunt,
1087 2035 1179 2101 quar*

167 2137 278 2211 taque,
292 2109 385 2210 cujus
398 2133 472 2210 ‘post
484 2123 576 2188 lineas
591 2123 750 2210 vigesimae
766 2123 915 2190 secundae
925 2123 1095 2194 dimidiam
1110 2145 1181 2214 par·

169 2249 234 2300 tem
255 2247 366 2302 caetera
386 2257 485 2300 vacua
508 2235 658 2302 librarius
682 2235 828 2322 reliquit,
851 2247 882 2301 et
902 2236 1031 2309 ultima,
1054 2259 1126 2324 quae
1143 2237 1178 2301 in

168 2348 254 2412 linea
267 2347 535 2434 vigesimasexta,
554 2347 758 2435 cumASereni
774 2346 955 2436 fragmento
970 2349 1112 2416 Theonis
1126 2351 1180 2415 Aa·

169 2464 323 2524 tronomio
341 2459 529 2548 postposito,
551 2459 677 2526 desinit,
701 2460 804 2548 Ipsius
824 2461 967 2528 Theonis
982 2462 1180 2528 Astronomioe

169 2573 247 2638 finis·
258 2585 318 2645 est,
336 2593 426 2646 verso
442 2571 518 2638 solio
534 2572 685 2659 vigesimo
701 2583 824 2645 octavo,
840 2574 1182 2663 inpaginaequinqua·

168 2685 299 2774 gesima-
311 2696 404 2751 sextoe
420 2683 505 2750 linea
521 2695 639 2754 octava.
664 2703 666 2712 ’

216 2798 408 2865 indumento
418 2795 551 2863 affixum
561 2807 607 2861 est
618 2795 961 2884 chartae'sragmentnm
973 2809 1179 2886 octogonum,

170 2911 203 2974 in
221 2933 287 2998 quo
303 2909 432 2997 legitur:

543 3068 547 3076 -
649 3021 703 3086 Gr.

474 3183 479 3192 ,
563 3159 569 3164 ·
627 3135 724 3200 1821.

218 3247 362 3335 inprimi
375 3245 458 3320 folii,
473 3248 564 3312 vacui
575 3258 608 3312 et
620 3249 918 3322 numerocarentis,
936 3250 1034 3337 priori
1049 3251 1179 3339 pagina,

172 3359 291 3450 nocenti
306 3381 406 3426 manu
422 3360 576 3448 scriptum
594 3371 654 3424 est:

217 3479 230 3527 't
238 3469 350 3536 Codex
366 3473 464 3537 chart.
483 3476 523 3538 16
541 3469 609 3538 sssaec.
627 3493 692 3560 quo
706 3473 886 3539 continetur
900 3473 990 3540 Theo
1005 3474 1046 3540 de
1057 3473 1097 3540 iis
1109 3495 1181 3562 quae

170 3616 180 3640 a
194 3581 492 3650 mathematicnrnm
497 3584 741 3672 disciplinarum
749 3585 969 3653 studiososunt
977 3585 1179 3655 addiscenda.

62 3751 67 3755 .
171 3727 181 3753 a
194 3697 222 3759 Is
238 3713 313 3760 vcro
329 3705 479 3760 tractatus
492 3696 532 3761 de
548 3697 643 3762 robus
657 3698 875 3766 astronomicis
891 3699 1093 3787 potissimum
1107 3700 1179 3786 agit.

172 3806 346 3874 «Nonam
362 3805 499 3872 editus.»
567 3841 592 3868 ,ι

1004 3941 1029 3992 3.
