2970 4822
482 445 538 506 DE
561 443 858 506 ASTRONOldlA.
1113 445 1170 508 107

167 592 277 642 mena,
292 591 355 634 non
369 567 500 655 quidem
510 568 536 632 si
546 566 599 633 Sol
610 568 644 632 in
658 567 798 656 epicyelo
808 567 847 632 ab
857 566 1020 632 occidente
1029 567 1062 631 iu
1076 569 1172 634 orien-

167 695 252 755 tem,
271 681 326 747 sed
348 681 434 746 siah
455 680 575 745 oriente
589 673 631 743 ¹in
653 679 849 745 occidentem
874 689 1039 744 moveatur
1060 679 1172 744 eodem

168 806 311 882 tempore
332 815 396 882 quo
413 791 545 882 epicycli
562 803 707 858 centrum
724 791 960 857 concentricum
977 791 1103 857 zodiaco
1120 791 1175 856 cir-

168 905 277 972 culum
294 907 334 971 ab
350 905 511 971 occidente
527 905 562 968 in
579 903 734 969 orientem
748 903 920 991 percurrit;
938 914 969 967 et
985 901 1077 968 facile
1098 903 1175 970 deli·

168 1018 230 1084 uiri
241 1017 375 1106 epinycli
384 1015 760 1103 magnitudinem,cujus
770 1014 963 1080 diametrum
975 1035 1042 1080 esse
1053 1027 1176 1101 oportet

166 1131 351 1218 vigesimam
380 1140 527 1215 quartam
557 1126 623 1194 fere
652 1139 775 1214 partem
807 1125 999 1192 concentrici
1024 1127 1113 1194 radii.
1138 1128 1174 1194 ln

166 1241 228 1306 hoc
244 1238 467 1327 Hipparchum
489 1249 628 1310 secutus,
645 1235 796 1304 Adrastus
817 1259 892 1302 cum
913 1237 1082 1304 Ptolemaeo
1104 1261 1175 1308 con·

166 1351 271 1420 sentit.

213 1465 315 1536 Tum,
329 1461 511 1550 Hipparcho
528 1460 695 1533 suadente,
716 1457 865 1526 Adrastus
879 1461 1067 1548 geometrice
1084 1485 1175 1550 expo·

167 1576 228 1648 nit,
250 1573 411 1663 quomodo
433 1573 488 1638 fiat
511 1585 560 1646 ut,
578 1573 604 1638 si
624 1572 677 1640 Sol
699 1572 733 1638 in
753 1573 895 1660 epicyclo
911 1585 942 1638 et
960 1574 1119 1662 epicyclus
1140 1576 1174 1640 in
1218 1641 1221 1648 ,

165 1688 365 1764 concentn'cn
384 1686 459 1752 ferri
481 1699 652 1774 ponantur,
670 1685 818 1752 eamdem
837 1687 970 1752 omnino
988 1687 1088 1760 viam,
1110 1707 1173 1754 nou

164 1801 261 1868 modo
278 1801 310 1865 in
328 1799 467 1866 solstitiis
483 1811 514 1866 et
530 1797 744 1886 aequinoctiis,
762 1799 818 1863 sed
834 1797 868 1864 in
886 1799 1000 1864 mediis
1015 1799 1112 1866 etiam
1126 1799 1174 1866 in·

163 1911 318 1986 remitis,
335 1911 389 1978 Sol
402 1911 563 1981 conficiat.
578 1934 613 1978 ac
624 1910 649 1976 si
666 1911 699 1976 in
717 1909 979 1976 excentricoferri
992 1923 1174 1998 poneretur.

164 2025 276 2092 Theon
292 2025 360 2112 ipse
372 2025 505 2090 inversae
521 2022 744 2111 propositionis
760 2023 1064 2090 demonstrationem
1076 2023 1173 2090 addit.

165 2139 306 2223 Utraque
324 2137 513 2223 geometrica
535 2135 758 2227 consideratio.
778 2157 841 2202 non
864 2135 1002 2202 difficilis
1023 2135 1173 2222 quidem.

166 2271 226 2314 nee
243 2249 441 2314 astronomiae
457 2247 547 2314 valde
563 2247 666 2318 utilis,
683 2247 739 2324 sed
756 2247 915 2335 eleganter
929 2259 960 2314 et
976 2247 1081 2316 lucide
1095 2253 1173 2313 trac·

167 2372 247 2432 tata,
267 2360 378 2447 placet.
397 2360 572 2446 Utramque
582 2383 620 2425 ex
638 2359 800 2426 Hilarione
816 2359 956 2448 quodam
977 2359 1175 2428 Antiocheno

167 2471 332 2559 descripsit
346 2472 475 2540 Proelus
485 2473 505 2545 ¹.
524 2472 578 2540 sed
599 2471 690 2540 aliter
707 2483 738 2538 et
759 2471 867 2536 minus
883 2482 968 2540 recte
984 2471 1173 2560 expositam.

166 2606 396 2672 mensamque,
414 2607 473 2652 nec
489 2605 594 2650 errore
610 2606 758 2656 vacuam,
773 2583 934 2670 siquidem
952 2585 1050 2650 textui
1063 2596 1094 2650 et
1107 2605 1175 2672 geo

165 2695 305 2764 metricae
328 2697 546 2785 descriptioni,
574 2697 684 2784 quales
706 2696 808 2764 editor
830 2697 988 2767 exhibuit,
1016 2695 1097 2762 fidas
1122 2697 1176 2762 ha·

166 2808 271 2876 tenda
287 2821 333 2875 est
343 2809 366 2873 ².

213 2923 253 2985 Et
276 2921 344 2986 haec
369 2921 501 3008 quidem
525 2919 565 2985 de
587 2932 677 2985 motu
701 2919 782 2986 Solis
805 2920 970 3007 apparenti
995 2921 1029 2984 in
1056 2919 1174 2986 zodiaci

167 3031 366 3119 longitudine
389 3059 396 3098 ε
421 3035 455 3098 in
479 3033 598 3120 quibus
621 3033 734 3100 Theon
759 3033 943 3120 Smyrnaeus
966 3031 1114 3121 apsidum
1137 3033 1174 3096 li·

169 3164 236 3208 neae
252 3157 377 3212 motum
398 3145 509 3216 illum.
534 3167 632 3232 quern
653 3145 727 3212 lecit
744 3146 831 3230 justo
849 3146 1020 3234 majorem.
1041 3156 1073 3210 et
1091 3165 1174 3212 corn·

169 3255 355 3320 menticium
379 3257 471 3322 illurn
492 3256 573 3322 Solis
596 3269 720 3322 motum
732 3258 775 3322 'in
797 3257 915 3324 zodiaci
932 3257 1100 3326 latitudine
1121 3279 1173 3326 ne·

169 3365 273 3450 glexit.

207 3553 214 3582 ¹
237 3552 268 3604 ln
277 3551 471 3626 Hypotyposr'bns
481 3552 694 3606 usoonomicarum
706 3552 883 3626 hypothesium,
896 3572 921 3626 p.
934 3551 1134 3623 91-93Hrtmae.

206 3648 216 3677 ¹
236 3644 364 3699 Videlicet
376 3645 419 3700 Sol
433 3646 580 3722 epicyclum·
589 3657 752 3720 percurreret
764 3646 796 3700 ab
809 3647 942 3702 occidente
955 3647 983 3702 in
995 3645 1135 3706 orientem,
1148 3655 1173 3698 et

168 3736 305 3792 celerrime
321 3755 382 3810 ergo
394 3739 519 3791 orientem
532 3756 619 3794 versus
636 3739 664 3792 in
677 3755 776 3813 apogeo
793 3749 948 3795 moreretur.
966 3737 1066 3794 Halmn
1078 3737 1173 3791 versio·

169 3847 232 3886 nem
243 3850 303 3886 cave
317 3849 350 3884 ne
362 3829 444 3904 legas.
460 3832 480 3886 si
492 3842 629 3914 auctorem
636 3833 674 3888 vis
687 3832 840 3905 intelligere.
