3016 4826
491 427 545 486 DE
569 426 863 486 Asrnonontn.
1120 427 1180 488 3213
1273 479 1279 494 ,

176 558 251 647 pior
269 566 384 622 centro
403 551 543 646 angulus
563 575 696 644 semper
715 553 778 620 erit
795 553 908 620 minor
924 551 982 620 ilio
1002 554 1060 646 qui
1078 553 1181 644 magis

177 701 195 743 a
214 688 330 743 centro
349 671 495 768 distabit.
515 672 549 741 Si
567 671 655 740 hanc
676 695 756 766 ergo
774 674 1042 766 propositionem
1064 673 1181 742 circuli

177 795 291 864 solaris
306 796 412 863 centri
430 818 448 861 a
466 791 587 862 mundi
602 807 718 862 centro
733 791 896 862 distantire
911 791 1179 870 adhibuerimus,
1201 863 1213 902 d

176 917 455 1009 posuerimusque
473 913 599 985 zodiaci
614 927 769 982 centrum
785 942 818 990 α,
839 913 1012 1004 zodiacum
1028 911 1107 994 Γὸκ,
1124 913 1182 984 So-

168 1013 216 1103 ¹lis
231 1037 458 1104 excentricum
474 1033 638 1102 circulum
653 1030 738 1114 ελζθ,
755 1037 851 1129 cujus
869 1049 1025 1104 centrum
1041 1037 1082 1103 sit
1096 1035 1118 1103 6
1125 1089 1131 1112 ,
1150 1049 1183 1104 et

178 1159 382 1226 aestimemus
405 1180 519 1250 aequos
540 1179 609 1225 esse
632 1157 808 1224 excentrici
831 1156 946 1225 circuli
964 1179 1060 1226 arcus
1081 1155 1132 1238 do
1150 1171 1183 1225 et

177 1305 235 1367 yn.
253 1275 404 1372 Angulus
419 1278 490 1360 ψαω
504 1279 615 1345 minor
629 1279 691 1345 erit
706 1277 829 1370 angulo
842 1305 921 1368 ωαγ,
940 1291 973 1346 et
987 1275 1064 1348 ideo
1082 1279 1182 1346 etiam

178 1423 274 1468 arcus
292 1407 335 1488 υφ
353 1423 433 1469 arcu
451 1405 510 1490 χφ.
531 1395 579 1466 Ac
602 1397 755 1466 similiter
771 1395 843 1476 net,
864 1401 890 1467 si
909 1423 1023 1494 aequos
1041 1402 1129 1470 inter
1148 1425 1183 1468 se

178 1523 390 1613 posuerimus
401 1544 496 1590 arcus
507 1513 544 1598 εξ
554 1512 632 1598 εῑξο
649 1551 654 1587 :
671 1522 783 1589 minor
794 1520 857 1589 erit
867 1544 963 1590 arcus
975 1523 1026 1607 Γμ
1038 1545 1119 1591 arcu
1131 1549 1181 1608 μν.

177 1640 233 1710 Sic
255 1642 372 1721 etiam,
390 1643 416 1710 si
435 1644 521 1736 aequi
544 1655 622 1710 sunt
639 1665 734 1710 arcus
750 1669 793 1709 στ
808 1655 841 1710 et
856 1642 907 1719 τθ,
929 1644 1042 1711 minor
1061 1644 1124 1712 erit
1138 1665 1185 1711 ar-

178 1787 238 1831 cus
253 1790 297 1857 πρ
312 1786 391 1830 arcu
409 1791 458 1857 pn.
483 1760 593 1856 Atque
612 1759 813 1855 generaliter
831 1761 918 1830 circa
940 1753 991 1840 εξο
1012 1785 1129 1831 arcum
1150 1787 1185 1830 se

178 1869 318 1954 movens
334 1881 408 1962 Sol,
427 1907 590 1976 apparens
610 1895 721 1951 autem
745 1883 779 1949 in
801 1883 869 1967 Γμν
888 1905 983 1961 arcu,
1006 1907 1023 1950 a
1045 1885 1186 1951 minima

178 2002 347 2072 celeritate
362 2001 404 2072 ad
425 2004 605 2072 maximam
622 1999 825 2072 movebitur.
847 2001 914 2071 Sed
930 2029 946 2070 a
963 2017 1091 2096 puncto
1108 2003 1127 2082 ζ
1144 2002 1186 2072 ad

177 2101 343 2217 punctum
363 2133 383 2191 λ
402 2123 605 2218 procedens,
625 2122 795 2214 videbitur
814 2149 831 2191 a
848 2139 975 2218 puncto
991 2122 1011 2194 d
1022 2123 1064 2194 ad
1083 2149 1186 2218 punc-

178 2258 252 2312 tum
267 2273 286 2312 κ
300 2243 500 2341 procedere,
519 2260 552 2313 et
567 2267 584 2312 a
601 2247 744 2314 maxima
763 2245 931 2316 celeritate
949 2245 989 2314 ad
1009 2247 1186 2316 minimam

179 2364 380 2435 movebitur.

223 2557 231 2586 ⁸
255 2560 286 2619 in
302 2559 400 2620 codice
415 2559 503 2634 ψωνα.

221 2661 230 2688 ⁹
254 2661 286 2722 in
301 2663 400 2734 codice
415 2685 485 2743 ωγα.

213 2763 231 2792 ¹⁰
254 2765 286 2824 in
302 2763 400 2827 codice
415 2773 463 2841 νφ.

212 2865 228 2893 ¹¹
254 2865 287 2924 In
303 2866 414 2934 codice,
431 2878 495 2949 post
509 2871 590 2935 αὐτά,
605 2868 710 2947 legitur
725 2869 830 2926 iterum
846 2865 888 2936 iij.

212 2968 231 3060 ζ’
253 2969 288 3028 In
303 2968 401 3030 codice
415 2969 459 3029 bis
474 2970 580 3053 legitur
596 2974 665 3031 icas.

212 3069 230 3097 ¹³
254 3070 286 3129 In
302 3070 399 3131 codice
415 3070 561 3140 ἀλλήλοις.

213 3169 230 3199 ³¹¹
254 3172 286 3231 In
302 3173 400 3233 codicc
417 3171 491 3240 εξξο.

1269 805 1318 846 inde

1216 861 1294 916 euript.
1316 860 1379 901 xttlt
