2970 4822
467 429 522 490 DE
545 427 845 492 ASTRONOMlA.
1101 428 1157 488 127

617 626 629 680 S
648 627 694 682 st.

134 785 138 794 ,
212 759 246 794 ΒΕ
266 759 337 796 LUHAE
357 758 517 806 ECLIPSIBUS,
537 759 569 796 ET
588 759 622 796 DE
641 759 713 796 sons
732 757 763 794 ET
783 759 855 796 ΗΜ
875 755 1103 796 ΙΑὓΝΠῦΒΙΝΙΒῦθ.

198 894 238 958 Ut
253 905 360 958 autem
372 893 517 959 ostendat
530 915 588 959 cur
599 894 691 958 Luna
703 892 818 957 mediis
834 891 1011 963 nonnullis,
1027 890 1083 956 sed
1098 909 1161 954 non
1206 905 1255 962 up.
1268 915 1337 946 nm.

151 1005 315 1078 omnibus,
328 1007 473 1092 synodicis
489 1005 654 1070 mensibus
667 1005 782 1070 umbra
798 1005 904 1068 Terrae
916 1005 1111 1075 obscuretur,
1126 1025 1163 1068 ex

152 1117 284 1184 Adrasto
301 1119 413 1184 Theon
432 1117 620 1204 geometrice
637 1117 750 1204 probat
767 1117 917 1180 umbram
933 1117 1041 1180 Terrae
1052 1115 1162 1180 nonin

150 1231 316 1296 infinitum
339 1230 476 1318 porrigi,
501 1229 558 1294 sed
578 1230 612 1292 in
639 1229 711 1294 coni
733 1251 868 1293 acumen
888 1228 1048 1301 desinere,
1072 1228 1162 1314 quia,

152 1354 188 1408 ut
203 1342 407 1430 Hipparchus
427 1341 629 1413 existimavit,
648 1342 746 1406 Terra
766 1341 882 1429 septies
903 1353 934 1406 et
953 1341 1048 1406 vicies
1064 1340 1165 1405 ferme

152 1455 294 1521 continet
313 1458 415 1521 Lunae
435 1453 707 1542 magnitudinem,
725 1465 756 1519 et
773 1453 827 1520 sot
850 1455 957 1519 Terrae
978 1453 1167 1540 magnitudi-

154 1591 229 1632 nem
243 1567 345 1633 ienne
357 1567 475 1632 millies
487 1566 693 1654 octingenties
709 1567 844 1655 octogies
854 1568 875 1631 ¹.
887 1565 941 1632 Sol
954 1577 1062 1631 autem
1075 1567 1165 1662 Luua

153 1680 254 1744 multo
271 1679 422 1744 excelsior
438 1690 499 1752 est,
517 1690 549 1744 et
563 1679 636 1744 ideo
648 1679 748 1744 Lunae
759 1680 954 1745 diametrum
971 1679 1094 1744 umbrae
1105 1679 1166 1746 dia·

152 1804 254 1858 metro
265 1815 397 1880 semper
413 1804 459 1856 est
474 1793 596 1867 minor;
614 1792 670 1858 sed
684 1791 862 1880 plenilunii·
873 1803 1016 1879 tempore
1028 1791 1088 1856 tria
1100 1813 1166 1856 cor-

153 1926 230 1990 pora
246 1927 311 1970 non
329 1916 403 1968 sunt
420 1905 454 1968 in
472 1927 536 1968 una
553 1916 637 1969 recta
654 1904 753 1979 linea,
773 1927 844 1991 quae
861 1903 901 1968 sit
917 1903 983 1970 axis
998 1903 1085 1978 coni,
1105 1904 1166 1968 nisi

153 2017 233 2082 forte
255 2039 292 2083 co
314 2018 384 2104 ipso
407 2029 551 2104 tempore
566 2019 659 2082 Luna
683 2017 722 2082 sit
742 2017 776 2085 in
796 2021 890 2082 nodis.
908 2020 976 2084 Non
994 2039 1068 2086 vero
1089 2041 1167 2105 quo·

154 2129 255 2194 modo·
274 2129 416 2220 deiectus
429 2132 529 2194 Lunae
551 2129 759 2218 praenuntiari
780 2143 900 2217 queant
921 2131 1036 2196 docere
1051 2129 1165 2196 studet.

154 2241 190 2303 ln
205 2241 452 2306 Solismensura
469 2239 691 2330 Hipparchum
711 2255 742 2306 et
759 2265 834 2307 cum
853 2241 986 2308 Adrasto
999 2243 1167 2310 Theonem

155 2375 373 2441 summopere,
387 2355 443 2419 sed
454 2356 557 2420 multo
568 2356 669 2443 magis
682 2356 778 2420 etiam
787 2367 858 2442 post
868 2377 920 2420 eos
930 2357 1168 2427 Ptolemaeum2,

156 2465 323 2538 erravisse,
345 2489 409 2532 non
436 2480 482 2532 est
501 2491 559 2533 cur
574 2469 713 2535 iterum³
735 2468 948 2534 ostendamus.
971 2471 1098 2534 Lunam
1119 2469 1168 2534 bis

155 2577 221 2644 sere
238 2589 375 2653 tantam,
390 2592 509 2668 quanta
523 2593 583 2653 est,
598 2579 720 2646 faciunt
734 2581 938 2668 Hipparchus
950 2593 981 2646 et
996 2580 1168 2647 Adrastus:

155 2692 343 2758 Ptolemaeus
364 2693 512 2759 nonnihil
535 2694 644 2758 minus
662 2693 791 2767 erravit,
814 2694 962 2760 eamdem
979 2705 1074 2782 atque
1091 2696 1168 2782 Hip-

155 2806 292 2893 parchus
308 2807 466 2873 rationem
479 2807 576 2895 paulo
594 2807 769 2871 accuratius
786 2808 940 2872 secutast.

624 2989 637 3043 5
656 2993 701 3047 25.

180 3117 213 3153 DE
233 3119 420 3159 ASTHONOMICIS
440 3106 640 3160 lnvnnrrontnos
660 3123 691 3158 HT
711 3122 920 3167 ntrorussmos,
942 3123 957 3159 tt
978 3123 1149 3162 unncttttntt.

205 3257 296 3320 Nunc
309 3277 384 3322 vero
400 3258 528 3329 Theon,
544 3256 714 3324 Adrastum
731 3259 974 3347 peripateticum
989 3259 1167 3331 dimittens,
1195 3273 1244 3328 Cu·
1258 3285 1283 3311 ¹¹·
1294 3281 1312 3312 ‘¹
1324 3285 1367 3310 ¹²¹·

158 3369 244 3456 apud
256 3371 472 3456 Dercyllidem
485 3372 683 3458 platonicum
696 3373 852 3437 nonnulla
866 3373 1083 3438 astronomicae
1096 3373 1167 3437 doc-

198 3559 203 3586 ¹
224 3553 290 3636 Vide
304 3553 383 3625 hujus
395 3554 460 3608 Diss.
474 3569 540 3629 part.
555 3557 591 3617 ll,
606 3575 629 3610 c.
644 3575 690 3618 ιιι,
704 3555 717 3610 S
733 3556 774 3610 ll.

195 3652 204 3680 ²
225 3647 307 3721 Gomp.
321 3647 395 3700 math.
410 3650 441 3710 V,
455 3653 485 3710 6,
501 3661 518 3702 t.
535 3653 558 3715 l,
572 3669 597 3724 p.
614 3653 735 3722 strato
750 3653 857 3706 Halone.

195 3747 205 3775 ³
225 3735 291 3796 Vide
304 3741 385 3814 hujus
398 3741 461 3825 Dies.
476 3755 541 3816 part.
556 3745 593 3807 ll,
607 3765 630 3799 c.
645 3763 690 3806 nr,
705 3743 717 3798 S
733 3747 774 3799 ll.
842 3797 847 3805 ,

195 3837 205 3868 ‘¹
225 3835 290 3890 Vide
304 3835 385 3908 hujus
399 3835 462 3888 Diss.
477 3847 541 3909 part.
557 3839 594 3900 ll,
608 3858 630 3891 c.
645 3857 692 3898 ιιι,
706 3836 719 3890 S
732 3841 775 3891 ll.
