2970 4822
467 459 524 522 DE
546 457 846 522 estnonolltt.
1101 453 1158 515 125

151 604 283 670 geomm
304 593 336 648 et
356 602 549 671 apogeorum
567 591 703 670 puucta3
725 580 782 648 sed
797 601 856 646 nec
872 579 906 644 iu
925 576 1075 666 perigeis.
1101 597 1160 640 uec

151 695 185 759 in
199 694 340 784 apogeis‚
354 717 413 760 nec
425 694 459 759 in
472 692 540 760 ullo
555 692 640 767 loco,
656 715 715 782 per
731 691 947 760 excentricum
959 689 1080 762 solum.
1092 688 1161 754 sine

152 805 311 896 epicyclo,
329 805 399 872 fieri
416 815 549 895 possunt
565 805 714 872 stationes
731 817 763 870 et
777 817 994 892 retrogressus.

197 919 283 984 Tum
307 919 444 986 ostendit
464 917 586 984 medias
611 918 819 983 erraticorum
840 927 997 982 astrorum
1018 935 1037 979 a
1061 913 1162 978 Terra
1253 931 1338 1017 ὢν·

151 1030 314 1098 distantias
342 1053 407 1098 non
432 1031 466 1095 in
492 1029 608 1096 iisdem
633 1051 761 1118 semper
778 1027 897 1094 zodiaci
918 1027 1013 1101 locis.
1036 1025 1092 1092 sed
1115 1025 1161 1092 ibi

151 1165 278 1231 semper
289 1143 376 1217 lieri,
387 1143 444 1208 ubi
457 1143 634 1231 epicyclus.
643 1142 693 1208 vel
704 1139 914 1215 assertrices,
924 1139 1162 1206 conceutricum

151 1266 250 1328 secat,
268 1276 476 1342 quocumque
488 1254 585 1320 etiam
598 1253 759 1343 epicyclus
770 1253 805 1318 in
817 1251 1009 1321 concentrici
1022 1251 1162 1322 ambitu.

152 1379 207 1432 aut
219 1365 389 1432 excentrici
398 1377 545 1433 centrum
555 1367 677 1432 circum
687 1378 834 1434 centrum
842 1363 1163 1438 concentrici.delsta

152 1480 230 1553 sint,
247 1479 328 1545 etin
345 1479 407 1546 hoc
422 1479 613 1568 hypotheses
629 1481 738 1545 ambas
755 1501 822 1544 esse
838 1478 1017 1544 concordes.
1035 1477 1071 1542 ld
1086 1499 1163 1542 sane

152 1591 192 1657 de
204 1591 277 1657 Sole
291 1615 404 1656 verum
416 1603 476 1665 est,
492 1603 522 1657 et
535 1591 576 1657 de
587 1593 679 1657 Luna
690 1613 804 1658 verum
816 1589 918 1656 videri
937 1599 1074 1678 poterat,
1092 1588 1163 1676 qui-

150 1703 211 1768 bus
226 1704 387 1792 praecipue
404 1703 539 1769 attendit
556 1715 674 1770 auctor.
693 1703 757 1770 Sed
774 1703 921 1792 quinque
931 1701 1095 1767 stellarum
1112 1721 1161 1764 er-

150 1816 292 1882 rantium
307 1817 496 1883 stationibus
508 1828 540 1882 et
553 1817 794 1904 retmgrcssibus
810 1815 972 1906 epicyclus
987 1813 1163 1880 necessario

150 1929 351 1996 adhibendus
369 1942 424 1996 est.

198 2042 377 2108 Mediarum
394 2066 412 2107 u
429 2042 528 2107 Terra
550 2042 773 2108 distantiarum
789 2053 909 2130 puncta
930 2041 971 2106 ab
991 2061 1110 2129 apogeo
1131 2053 1164 2106 et

152 2152 278 2239 perigec
294 2165 438 2220 accurate
454 2166 567 2242 quarta
584 2154 696 2220 circuli
711 2165 801 2242 parte
818 2153 910 2219 nobis
926 2175 943 2218 e
959 2153 1058 2218 Terra
1074 2173 1162 2240 spec-

153 2264 292 2330 tantibus
313 2266 346 2330 in
369 2265 495 2334 zodiaco
518 2267 634 2334 distare
657 2267 759 2334 videri
781 2266 986 2333 crediderunt
1002 2265 1113 2332 Theou
1131 2275 1163 2330 et

154 2373 304 2442 Adrastus
319 2403 326 2440 :
340 2378 428 2466 quod
439 2379 628 2466 geometrice
641 2391 748 2446 tamen
762 2379 879 2446 falsum
896 2390 957 2454 est,
970 2388 1097 2467 accepta
1109 2399 1162 2452 ea,

152 2511 250 2576 quam
262 2489 324 2578 ipsi
338 2501 479 2558 statuunt
490 2541 497 2566 ‚
510 2492 708 2581 hypothesi¹.

620 2675 633 2732 S
652 2679 698 2732 tt.

508 2809 542 2846 DE
561 2809 805 2848 occentanotttsus.

198 2943 310 3010 Stellas
328 2966 473 3031 quasque
490 2944 613 3017 obvias,
632 2945 698 3010 sive
714 2944 903 3016 inerrantes,
922 2943 988 3009 sive
1006 2953 1162 3014 errantes,
1205 2965 1255 3024 up.
1267 2977 1347 3008 uin».

153 3056 243 3120 Luna
264 3055 430 3128 occultari,
448 3056 655 3144 antiquorum
678 3055 950 3122 observationibus
971 3050 1160 3122 constabat².

152 3165 236 3232 Solis
252 3179 282 3232 et
299 3169 444 3255 quinque
455 3170 620 3234 stellarum
636 3171 768 3234 a.Terra
781 3168 1003 3234 distantiarum
1015 3168 1161 3235 ordinem

153 3278 311 3364 ejusmodi
328 3279 424 3345 etiam
440 3283 711 3348 observationibus
723 3281 897 3348 constitisse
910 3282 1022 3346 Theon
1039 3282 1162 3356 innuit,

152 3390 187 3456 id
203 3412 277 3456 vero
294 3413 383 3455 secus
399 3391 495 3458 fuisse
514 3393 719 3460 Ptolemaeus³
737 3394 858 3482 optime
877 3394 1086 3467 demonstrat,
1104 3395 1161 3482 qui

152 3503 241 3567 huno
257 3503 403 3568 ordinem
424 3507 614 3593 conjecturis
633 3518 758 3572 tantum
775 3505 870 3571 inniti
892 3503 1017 3572 latetur.
1038 3506 1162 3588 Statua-

193 3673 199 3702 ¹
222 3668 287 3724 Vide
299 3670 391 3722 Notum
404 3687 445 3724 nr..

191 3765 201 3795 ¹
221 3762 288 3817 Vide
301 3763 477 3828 Aristotelem,
492 3765 612 3828 Deculo,
625 3767 663 3830 11,
680 3787 728 3832 η,
741 3787 768 3842 p.
784 3786 836 3838 29²
852 3786 882 3830 o,
895 3766 915 3822 l.
929 3772 976 3837 lvo
990 3765 1031 3821 ed.
1045 3766 1132 3822 Berol.

192 3859 201 3889 ³
223 3855 304 3930 Comp.
318 3856 393 3911 mall.
407 3859 456 3920 lll,
474 3861 618 3934 1,t.11,p.
636 3862 755 3919 rra-115
770 3859 880 3917 Halmae.
