3016 4826
333 446 394 506 376
622 441 749 501 NOTAE
774 441 817 502 ΙΝ
841 438 1056 500 ΤΗΕΟΝΕΜ

332 567 383 648 qui
406 565 527 647 planitia
539 563 557 623 ¹.
581 565 659 624 Fieri
678 563 799 646 quidem
820 575 915 646 potest
934 574 967 622 ut
985 562 1088 624 Theon
1112 563 1296 623 inclinationes
1317 573 1345 622 et

331 667 501 747 obliquitates
513 665 578 726 illes
592 667 623 726 in
638 665 695 727 hoc
709 667 804 748 capite
818 665 937 726 vocibus
956 665 1076 735 iisdem,
1092 665 1202 748 quibus
1221 664 1344 748 Hippar-

332 769 421 838 chus.
437 769 611 837 distinxerit,
623 767 734 828 deinde
750 789 831 836 vero,
848 779 988 852 tanquam
1004 789 1064 828 uon
1080 769 1147 829 satis
1167 779 1345 852 compertas,

331 873 407 933 sicut
420 885 449 934 et
462 871 517 956 alia
528 871 584 933 sibi
595 891 653 932 non
666 869 825 952 ignorata’‚
840 873 871 930 in
884 870 1093 956 hypothesibus
1104 873 1164 932 suis
1178 870 1345 953 neglexerit.

332 973 391 1035 Sed
405 975 498 1034 multo
520 973 700 1057 probabilius
719 973 835 1034 videtur
855 973 970 1034 Theoni
990 972 1132 1040 λοξώσεις
1151 985 1181 1034 et
1199 973 1348 1054 ἐγκλίσεις

332 1076 421 1138 fuisse
435 1081 469 1138 ἐν
483 1075 527 1137 διὰ
542 1075 633 1146 δύσιν,
650 1088 679 1137 et
693 1097 791 1138 vocem
808 1080 917 1140 θέσεις
931 1077 1158 1159 generaliorem,
1174 1089 1235 1137 tam
1250 1075 1288 1135 ad
1303 1076 1347 1135 in-

333 1182 503 1243 clinationes
523 1183 612 1264 ipsas,
625 1201 716 1264 quam
732 1179 769 1240 ad
783 1179 912 1240 limitum
932 1179 1095 1242 borealium
1117 1179 1348 1262 australiumque

333 1286 503 1365 positiones,
520 1296 548 1344 at
565 1305 624 1344 uno
637 1283 725 1344 verbo
740 1283 777 1343 ad
793 1284 970 1344 circulorum
985 1284 1052 1342 situs
1067 1283 1249 1364 spectavisse.

769 1484 840 1538 Nora
861 1483 910 1536 FF.

621 1613 659 1667 hd
673 1631 695 1666 c.
711 1631 784 1676 xxix,
802 1613 846 1667 tot.
865 1619 897 1669 18
911 1635 943 1676 a,
956 1635 982 1688 p.
1000 1618 1060 1672 stt.

361 1783 363 1788 Ι
386 1847 516 1862 .......
532 1805 580 1860 cns
596 1809 645 1860 τοῦ
661 1806 748 1862 αὑτοῦ
764 1801 1128 1885 nlnlool.--Legendum
1141 1806 1242 1870 αὑτοῦ,
1259 1822 1351 1883 quan·

336 1925 426 1987 quam
440 1905 471 1963 in
487 1902 586 1964 codice
600 1915 643 1964 est
657 1908 754 1964 αὐτοῦ.
770 1903 845 1966 Solis
859 1906 939 1966 enim
954 1904 1081 1966 circulus
1099 1905 1224 1985 proprius
1243 1901 1352 1965 dicitur

336 2007 385 2069 ille
401 2009 486 2090 cujus
501 2007 657 2067 circuitum
670 2004 720 2068 Sol
737 2007 800 2089 ipse
812 2009 968 2090 percurrit,
981 2007 1010 2067 id
1025 2019 1069 2068 est
1082 2005 1240 2089 epicyclus‚
1253 2017 1353 2066 motus

336 2109 562 2194 inequalitatem
574 2106 712 2170 efficiens.
725 2109 871 2171 sicariam
883 2111 915 2169 in
927 2111 1023 2192 capite
1036 2129 1102 2169 xxvi
1115 2107 1235 2179 ἡλιακὰς
1245 2107 1354 2168 κύκλος

337 2213 445 2274 dicitur
459 2213 605 2297 epicyclus
621 2211 700 2284 εζηκ.
716 2212 766 2274 Sol
781 2223 879 2274 autem
896 2233 955 2272 non
971 2209 1190 2292 retrogreditur,
1204 2210 1275 2293 quia
1290 2211 1354 2292 ipse

337 2315 473 2400 epicycli‚
486 2318 670 2377 concentrico
686 2317 823 2385 minoris,
843 2315 989 2376 ambitum
1002 2315 1106 2376 eodem
1124 2324 1270 2395 tempore,
1292 2333 1354 2396 quo

337 2419 515 2481 concentn'ci
529 2418 673 2479 ambitum
686 2419 807 2503 epicycli
816 2429 967 2486 centrum,
979 2417 1136 2500 percurrit;
1149 2437 1204 2476 nec
1214 2416 1300 2476 Luna
1311 2437 1355 2476 rc-

336 2521 523 2603 trogreditur‚
539 2521 608 2604 quis
620 2521 740 2604 epicycli
751 2523 782 2581 in
793 2522 977 2582 concentrico
988 2530 1099 2584 motus.
1112 2539 1172 2603 quo
1182 2539 1260 2601 pone
1270 2522 1355 2601 signa

338 2623 446 2684 zodiaci
461 2623 498 2684 ab
517 2624 628 2684 oriente
648 2623 684 2684 ad
705 2623 887 2685 occidentem
908 2621 1039 2706 quotidie
1058 2623 1159 2683 euntia
1176 2620 1356 2704 relinquitur

338 2725 484 2810 epicyclus
510 2729 616 2787 orienti
642 2727 760 2809 propior
785 2725 842 2786 illis
867 2724 940 2785 fiens
956 2724 981 2792 ³,
1007 2725 1091 2786 citior
1116 2735 1236 2809 apparet
1261 2724 1356 2807 ipsius

339 2828 429 2888 Lunae
448 2839 531 2889 motu
550 2829 662 2888 circum
681 2828 855 2912 epicyclum.
871 2829 1011 2911 Quinque
1029 2849 1098 2890 vero
1117 2839 1246 2889 errantes
1266 2827 1357 2889 stellas

340 2931 425 2991 citius
440 2931 561 3015 epicycli
575 2931 720 2991 ambitum
736 2943 926 3013 percurrunt,
942 2952 1032 3015 quum
1052 2931 1101 3004 ille
1120 2931 1356 2998 concentricum,

341 3045 426 3116 atque
438 3055 454 3094 e
464 3034 554 3094 Terre
564 3033 762 3116 spectantibus
771 3037 914 3118 majorem
925 3033 1083 3118 aliquando
1094 3033 1239 3116 ungulum
1249 3032 1356 3094 eodem

340 3147 471 3218 tempore
490 3137 673 3198 occidentem
688 3158 788 3198 versus
809 3149 892 3198 motu
910 3159 964 3198 suo
983 3139 1015 3197 in
1035 3137 1164 3221 epicyclo
1184 3157 1358 3220 percurrere
1406 3133 1408 3141 ’

341 3237 486 3307 videntur,
501 3259 592 3321 quam
606 3240 748 3299 orientem
764 3260 863 3300 versus
878 3241 969 3323 ipsius
984 3239 1105 3324 epicycli
1118 3241 1211 3301 centri
1225 3251 1309 3299 motu
1326 3239 1358 3297 in

341 3342 534 3404 concentrico.
551 3343 680 3403 Pessime
695 3363 765 3424 ergo
779 3342 908 3404 Theonis
928 3343 1070 3426 Smyrnsei
1089 3355 1179 3427 caput
1196 3343 1252 3404 hoc
1270 3341 1358 3404 intel·

375 3535 381 3560 ¹
400 3535 488 3582 Astron.
503 3551 523 3583 c.
536 3551 606 3584 mn.
617 3535 654 3584 Cf.
664 3535 725 3585 Dirc.
739 3545 822 3586 nosue
830 3547 892 3604 part.
905 3539 941 3595 ll,
952 3555 972 3588 c.
983 3537 1039 3593 rv‚l
1052 3540 1090 3586 15.

374 3618 383 3644 ¹
400 3615 459 3667 Vide
471 3616 532 3666 Diss-
545 3627 628 3667 uostrae
640 3627 700 3685 part.
712 3621 744 3676 11,
755 3639 776 3669 c.
788 3639 824 3678 tv,
837 3622 848 3670 S
859 3623 888 3670 lb
900 3630 924 3670 et
936 3623 974 3670 lo.

376 3703 384 3729 ⁸
401 3701 427 3749 ld
438 3701 501 3751 enim
511 3700 655 3769 significatur
665 3703 759 3753 vocibus
772 3705 817 3751 τοῦ
828 3706 878 3753 τῶν
891 3695 985 3759 (attae
997 3696 1175 3751 ὑπολείπεσθαι
1184 3698 1279 3750 κύκλου
1292 3702 1360 3767 (vide
1469 3687 1471 3694 Ι

341 3794 430 3834 textum
445 3795 469 3834 ct
484 3795 563 3836 notam
577 3787 601 3834 in
618 3788 664 3837 ima
680 3788 772 3854 pagina.
792 3789 828 3837 Cf.
848 3809 867 3837 c.
884 3791 962 3852 mn).
977 3773 1165 3835 Ῡπολείπεσθαί
1180 3801 1247 3836 assos
1259 3795 1361 3854 estponc

341 3868 434 3936 aliquem
445 3870 512 3918 citius
524 3881 618 3921 euntem
628 3871 726 3939 relinqui.
