2992 4822
341 437 381 496 Sl
635 432 827 496 Tflnonts
847 433 1052 496 SMYRNAEI

340 571 408 626 ona
433 581 501 624 esse
527 557 653 624 videtur
683 568 757 622 note
784 555 967 626 parisiensis
994 557 1111 622 codicis
1135 557 1270 644 margini
1294 559 1350 624 ad·

340 671 467 757 scripu.
505 717 508 724 -
825 713 828 720 .

387 781 556 870 Quidquid
571 782 606 847 id
622 790 683 856 est,
700 783 736 846 in
752 782 802 848 his
817 805 871 848 sex
887 793 918 847 et
933 781 1044 870 viginti
1055 783 1213 855 versibus,
1226 782 1284 869 qni
1296 782 1352 848 Pa-

341 895 506 960 risiensem
518 896 661 962 codicem
673 895 835 968 habuerit,
850 896 877 960 is
891 917 997 982 neque
1009 895 1176 964 electione
1188 895 1350 968 Grotiani,

340 1029 446 1096 neque
460 1030 534 1095 ergo
551 1032 568 1074 e
583 1007 718 1074 lectione
733 1005 937 1074 Ambrosiani
953 1007 1070 1074 codicis
1091 1006 1197 1072 ullum
1216 1008 1351 1072 omnino

338 1119 478 1186 fructum
491 1121 654 1209 percipiet.
672 1119 902 1186 Ambrosianus
917 1141 991 1206 ergo
1007 1120 1121 1192 codex,
1134 1120 1258 1186 etiamsi
1271 1143 1350 1186 eum
1475 1125 1476 1132 ’

337 1233 372 1298 in
388 1235 539 1301 manibus
553 1234 760 1306 haberemus,
778 1231 896 1298 codicis
911 1232 1097 1298 Parisiensis
1112 1232 1239 1300 mendis
1254 1233 1350 1298 innn-

337 1347 435 1412 meris
448 1358 479 1410 et
491 1369 555 1411 non
570 1346 680 1433 paucis
689 1345 815 1410 lacunis
824 1345 892 1410 sore
904 1351 940 1410 nt
955 1345 1138 1412 mederetur
1152 1345 1350 1432 sperandum

339 1479 403 1524 non
427 1469 488 1528 est,
513 1458 667 1544 qnoniam
694 1457 845 1522 eumdem
871 1457 966 1524 ambo
987 1467 1110 1522 tentum
1130 1456 1296 1529 exhibent,
1317 1469 1351 1522 et

338 1569 403 1637 sive
420 1570 481 1634 hoc
496 1570 600 1642 illius,
617 1570 681 1636 sive
697 1571 792 1634 amho
809 1569 905 1634 unius
921 1569 1131 1656 ejusdemque
1146 1569 1280 1656 ,pessimi
1297 1591 1349 1636 oo·

335 1679 418 1748 dicis
430 1693 506 1746 sunt
517 1682 831 1769 apographn.Paucis
842 1693 969 1746 tantum
981 1682 1125 1753 mendis,
1136 1703 1225 1768 quas,
1237 1703 1351 1769 quam-

337 1795 385 1860 vis
400 1795 544 1867 sedulus,
561 1794 711 1860 librarius
725 1794 794 1866 ille,
812 1795 870 1880 qui
885 1794 1096 1860 parisiensem
1111 1795 1250 1859 exaravit
1265 1794 1352 1860 codi-

338 1929 424 1979 cem,
443 1907 559 1973 addere
579 1907 697 1996 potnit‚
715 1917 747 1970 et
764 1930 851 1994 quae,
868 1907 1005 1974 auctoris
1025 1907 1182 1972 sententie
1200 1907 1299 1978 duce,
1317 1919 1351 1971 et

337 2019 511 2105 adjuvante
525 2018 699 2104 aliquando
711 2017 868 2086 Chalcidii
880 2019 1037 2091 versione,
1050 2019 1145 2084 facile
1156 2019 1270 2106 corrigi
1283 2041 1351 2107 pos

337 2144 426 2204 suut,
453 2129 685 2197 Ambrosianus
708 2130 805 2200 codex
830 2131 1051 2217 opitularetur.
1074 2131 1184 2198 Potius
1206 2153 1279 2218 ergo
1302 2143 1351 2196 est

336 2245 406 2310 sine
420 2245 475 2310 illo
487 2242 629 2309 Theonis
641 2242 839 2306 Astrouomiae
852 2243 1026 2310 editionem
1039 2243 1124 2317 lieri,
1137 2265 1236 2330 quam
1249 2243 1352 2330 ipsius

338 2377 431 2424 causa
447 2355 578 2422 differri.
708 2409 716 2423 .

815 2535 872 2591 55.

385 2690 512 2777 «Hujus
521 2688 621 2757 libelli
631 2687 681 2751 De
694 2687 896 2762 Asusamus,
911 2689 1017 2776 inquit
1029 2690 1070 2756 de
1085 2690 1203 2756 Gelder
1211 2691 1232 2763 ¹,
1246 2711 1353 2754 exem-

339 2805 432 2893 «plar
448 2827 469 2870 e
482 2801 593 2870 codice
601 2801 774 2868 Parisiensi
790 2803 1016 2890 transcriptum
1031 2805 1081 2871 uir
1098 2804 1137 2870 cl.
1158 2804 1244 2870 Bake
1244 2851 1343 2868 .....
1411 2835 1414 2841 ·

339 2950 350 2976 ι
368 2971 378 2984 ,
393 2968 400 2982 ,
417 2962 448 2982 .-.
473 2914 555 2980 mihi
573 2913 745 3001 legendum
761 2915 913 2981 concessit
926 2941 940 2980 ·:
961 2939 1019 3004 pro
1033 2927 1105 3003 quo
1118 2915 1235 3002 insigni
1256 2916 1351 2980 hene-

338 3029 451 3103 ·llcio,
469 3027 496 3092 si
512 3047 626 3095 verum
643 3026 801 3113 profitear,
815 3028 936 3115 optimo
951 3029 1019 3096 viro
1035 3028 1156 3095 debitas
1173 3028 1287 3115 gratiss
1303 3049 1352 3092 re·

340 3142 446 3208 «ferre
464 3162 529 3205 non
546 3139 621 3205 satis
636 3160 776 3226 possum.
793 3141 971 3230 Exemplar,
993 3142 1161 3230 perspicua
1176 3153 1208 3206 et
1225 3139 1350 3207 nitidis-

337 3286 350 3312 «
362 3255 445 3320 sima
469 3274 571 3318 manu
584 3251 844 3338 ,transcriptum
861 3255 1018 3342 octoginta
1043 3266 1079 3334 et
1093 3254 1200 3320 tribus
1224 3253 1350 3340 paginis

338 3367 474 3433 «lormae
496 3373 619 3452 quantoe
643 3363 853 3450 continetur.»
876 3367 976 3454 Cujus
993 3389 1069 3434 vero
1084 3389 1184 3438 monn
1207 3378 1264 3432 ent
1283 3387 1350 3453 quo

325 3482 484 3566 'tempore
501 3474 727 3562 transcriptum
747 3477 785 3540 sit
806 3481 966 3568 exemplar
980 3481 1077 3553 illud,
1096 3481 1145 3546 vir
1160 3481 1199 3546 cl.
1219 3501 1285 3546 nen
1301 3479 1350 3544 in-

229 3581 232 3585 ’
339 3575 433 3658 dicat.

379 3836 386 3864 ¹
409 3833 529 3884 Proemou.
543 3851 565 3884 c.
578 3849 612 3893 ιι,
625 3827 638 3883 S
649 3829 679 3895 lt,
693 3853 718 3906 p.
733 3851 817 3890 xxxvl.
