3016 4826
459 465 462 484 ,
483 399 539 462 on
561 399 856 464 corrosoriis.
1110 403 1171 467 aar

167 530 204 598 in
225 525 390 625 sphaeram
412 525 608 622 quindecim
629 527 774 600 laterum
796 529 956 626 polygoni
976 551 1048 602 rino
1066 529 1172 602 latore

169 647 340 720 discedere
359 649 504 720 invicem
521 673 597 720 axes
614 647 699 729 duo,
720 651 943 719 inerrantium
957 647 1065 730 hunc,
1085 673 1172 722 erra·

166 772 313 842 ticorum
329 769 425 840 illum
444 783 623 842 astrorum.

567 924 667 982 {curor
682 925 770 982 mnu

501 1020 543 1070 DE
561 1019 647 1071 Moru
665 1021 695 1069 ΙΝ
713 1019 836 1072 selonts.

219 1133 351 1228 Spiram
360 1148 475 1206 autem
483 1131 680 1204 describunt
686 1147 772 1204 astra
782 1136 920 1206 erratica
930 1157 993 1228 per
1000 1133 1172 1214 accidens,

169 1255 318 1352 eoquod
334 1255 468 1328 duobus
484 1258 574 1326 inter
591 1279 626 1326 se
643 1257 817 1326 contrariis
834 1255 984 1328 motibus
1006 1253 1172 1328 scnmmr.

167 1375 287 1466 Quum
305 1381 397 1448 enim
414 1381 485 1473 ipsa
501 1376 690 1448 secundum
706 1379 885 1472 proprium
900 1375 1115 1450 sibimotum
1131 1377 1174 1452 ab

168 1501 280 1570 aestivo
290 1500 419 1571 circsdo
430 1499 473 1570 ad
481 1498 665 1570 hibernum
675 1497 826 1570 serantur
835 1513 869 1570 et
875 1501 948 1570 vice
956 1523 1068 1582 versa,
1079 1499 1175 1572 tarde

169 1623 426 1702 circumeuntia,
440 1620 500 1692 sed
513 1621 690 1692 celerrime
699 1623 735 1690 in
746 1623 952 1692 cononriam
965 1633 1098 1716 partem
1111 1625 1174 1692 cir-

168 1756 319 1813 cumacta
335 1741 486 1838 quotidie
497 1744 674 1814 inerrantis
687 1741 826 1836 sphaeroe
840 1744 1070 1838 impetu‚non
1084 1757 1175 1814 recu

168 1888 188 1933 a
209 1864 372 1959 parallelo
387 1867 424 1934 in
440 1863 640 1958 parallelum
662 1877 855 1944 nauseant,
876 1861 936 1934 sed
948 1887 1019 1958 per
1036 1862 1176 1958 sphaerae

167 1987 346 2056 inerrantis
367 1983 581 2080 superficiem
604 1987 817 2056 circumacta.
845 1983 1027 2066 Videlicet,
1053 1999 1091 2056 nt
1114 2009 1177 2080 per

169 2105 345 2178 zodiacum
362 2132 381 2178 a
395 2119 523 2202 puncto
541 2135 563 2174 α
575 2108 626 2176 sui
641 2130 756 2176 cursus
775 2105 818 2176 ad
835 2119 1002 2200 punctum
1020 2106 1042 2174 G
1056 2129 1174 2202 perve-

167 2231 276 2308 niant,
297 2254 367 2299 non
384 2242 516 2298 tantum
534 2241 627 2298 recta
643 2251 705 2322 per
721 2227 909 2308 zodiacum,
929 2251 1050 2298 verum
1073 2231 1175 2298 etiam

167 2375 230 2445 per
250 2351 392 2421 circulos
413 2352 541 2421 circum
564 2351 770 2420 inerrantcm
794 2347 976 2443 sphaeram,
1004 2353 1049 2420 sic
1075 2346 1173 2420 effec-

166 2466 445 2544 tamdescribunt
453 2475 593 2566 spiram,
606 2473 641 2540 in
652 2469 916 2564 suoaparallelo
927 2471 962 2540 in
974 2471 1175 2566 parallelum
1238 2551 1241 2558 ,

167 2596 324 2675 transitu,
343 2595 487 2665 similem
506 2596 626 2664 vitium
646 2592 842 2662 claviculis:
862 2592 961 2686 quale
984 2593 1103 2688 aliquis
1125 2593 1174 2663 lo·

165 2739 245 2785 rum
263 2716 526 2787 circumvolvere
545 2722 646 2810 queat
663 2711 816 2810 cylindro
835 2710 878 2781 ab
895 2737 963 2782 una
984 2714 1087 2808 ipsius
1104 2739 1174 2784 sec-

166 2851 242 2906 tura
256 2836 298 2908 ad
311 2837 467 2915 alteram,
482 2838 568 2906 sicut
580 2838 616 2906 in
629 2836 788 2906 laconicis
802 2833 947 2932 scytalis,
964 2833 1090 2929 quibus
1101 2836 1175 2907 lora

166 2958 493 3038 circumvolvebant,
513 2957 631 3051 ephori
647 2953 840 3026 scribebant
856 2955 1022 3050 epistolas.
1041 2956 1173 3028 Descri-

55 3152 57 3158 ,
166 3079 255 3150 bunt
270 3091 381 3150 autem
400 3079 542 3148 alteram
560 3080 662 3148 etiam
679 3079 804 3170 spiram
822 3089 909 3146 astra
926 3079 1082 3160 erratica,
1103 3103 1173 3150 non

209 3208 220 3235 ⁰
241 3207 274 3269 In
290 3209 388 3270 codice
403 3212 499 3268 αὐτοῦ.

143 3325 145 3328 ’
202 3310 221 3340 ¹⁰
243 3313 277 3372 ln
291 3311 390 3373 codice
404 3311 519 3390 ἀπλανῆ
533 3313 680 3388 γινομένη.

201 3414 220 3444 ¹¹
243 3416 276 3476 In
291 3413 390 3476 codice
408 3413 500 3475 διόδω.

200 3514 221 3546 ¹³
243 3517 276 3576 ln
291 3514 391 3577 codice
404 3515 606 3598 oaprsrldrriss.

202 3619 222 3650 ¹³
243 3619 277 3679 ln
291 3617 390 3679 codice
404 3617 552 3701 κυλίνδρω.

201 3719 220 3751 ¹³
243 3722 276 3782 In
291 3720 390 3781 codice
405 3720 504 3782 ἄλλον.
522 3721 579 3782 Sed
595 3721 683 3804 paulo
697 3721 772 3782 infra
788 3732 863 3782 recte
878 3719 954 3780 ἀλλὰ
968 3723 1018 3780 καὶ
1029 3725 1092 3791 τήν.

242 3825 310 3884 Post
323 3845 423 3883 vocem
437 3823 629 3903 πλανώμενα,
648 3846 699 3908 pro
714 3845 783 3886 voce
803 3830 879 3892 olco,
899 3833 933 3886 ut
951 3822 1035 3883 nobis
1050 3823 1171 3904 quidem

985 3943 1020 3994 22
