2958 4824
491 437 547 498 DE
569 433 869 499 Asrflottottln.
1118 433 1180 494 229

176 580 234 634 tus
246 587 326 660 ergo
342 562 482 658 angulus
500 589 559 648 ομν
575 587 691 658 aequus
710 561 912 657 eritangulo
927 561 997 647 θμτ.
1019 557 1183 630 Similiter

177 687 280 756 etiam
289 714 351 782 ρμν
357 686 502 782 angulus
513 709 630 780 aequus
643 684 708 754 erit
716 683 840 778 angulo
848 683 917 768 υμθ.
929 681 1002 752 Erit
1013 703 1092 776 ergo
1105 703 1181 774 pro

175 809 290 902 portio
305 807 403 877 lineae
416 835 457 894 μτ
469 805 512 876 ad
523 807 578 894 μθ,
594 807 663 885 rei,
680 804 773 899 quod
786 803 880 874 idem
894 817 958 882 est,
972 803 1070 872 iineae
1083 829 1125 912 “T
1137 798 1181 870 ad

176 928 303 998 lineam
317 927 368 1008 θτ,
387 927 509 1023 [data].
523 927 612 1024 Ergo
625 925 742 996 datum
759 939 808 996 est
817 925 877 1012 μτθ
888 924 1095 1019 triangulum
1112 946 1182 1017 spe-

177 1050 242 1150 cie.
260 1049 389 1119 Datum
408 1063 457 1118 est
469 1049 581 1118 etiam
603 1048 635 1127 θ,
655 1060 813 1116 centrum
835 1047 997 1126 universi,
1018 1057 1182 1138 quantum

178 1169 279 1240 distet
299 1169 342 1239 ab
365 1183 512 1263 utroque
537 1199 554 1237 v
577 1181 611 1238 et
633 1161 654 1246 ξ
673 1181 895 1261 punctorum3
916 1191 994 1235 nam
1017 1165 1081 1236 iilis
1104 1162 1183 1234 deii-

177 1292 321 1359 niuntur
330 1291 475 1359 maxima
488 1288 641 1358 distantia
652 1302 686 1358 et
697 1278 849 1358 minima.
862 1287 921 1356 Est
934 1299 1046 1356 autem
1060 1284 1181 1382 [linea]

178 1411 220 1504 θμ
238 1435 314 1505 quae
325 1412 440 1506 jungit
457 1423 571 1480 centra
590 1411 736 1480 universi
754 1423 786 1479 et
803 1409 918 1479 solaris
934 1407 1061 1477 circuli.
1077 1406 1183 1476 Datus

181 1545 231 1601 est
248 1556 330 1628 ergo
343 1529 416 1613 εζηκ
430 1532 575 1602 circulus
592 1531 758 1626 positione
777 1544 811 1600 et
826 1527 1068 1625 magnitudine.
1088 1529 1184 1600 inve

178 1653 271 1722 nitur
282 1667 396 1725 antem
407 1709 414 1732 ‚
427 1678 489 1749 per
501 1652 805 1724 considerationem
816 1651 859 1722 de
873 1651 1035 1722 distantiis
1049 1666 1083 1722 et
1094 1675 1183 1748 mag-

178 1773 403 1857 nitudinibus,
425 1776 601 1870 proportio
622 1775 721 1844 lineae
742 1774 784 1861 θμ
803 1772 862 1868 [ad
883 1773 1009 1842 lineam
1028 1771 1087 1868 μυ]
1112 1797 1183 1842 esse

177 1894 248 1966 sere
267 1897 386 1988 eadem
405 1921 509 1992 quam
525 1894 629 1966 habet
652 1922 664 1964 r
688 1893 731 1965 ad
752 1899 810 1970 alt.
829 1893 949 1966 Talem
967 1894 1025 1963 iila
1043 1892 1183 1989 quidem

178 2015 367 2086 secundum
381 2020 609 2089 excentricum
624 2016 790 2086 circulum
803 2015 1107 2086 considerationem
1120 2029 1184 2085 tra-

178 2135 244 2217 dit,
263 2163 324 2232 per
339 2163 443 2232 quam
461 2139 549 2208 salva
564 2152 643 2207 sunt
659 2137 895 2231 phaenomeua.
930 2203 934 2216 ,

232 2255 300 2326 Sed
318 2283 392 2328 eam
409 2283 485 2354 quaa
502 2271 551 2328 est
568 2256 756 2328 secundum
776 2257 964 2354 epicycium
987 2257 1090 2326 talem
1113 2281 1182 2327 esse
1281 2289 1294 2330 r

181 2375 310 2447 dieunt.
330 2377 380 2450 Sit
401 2380 525 2450 iterum
544 2377 699 2449 zodiacus
720 2375 818 2469 a6y33
837 2378 923 2448 Solis
940 2401 1021 2449 vero
1039 2377 1184 2448 circulus

179 2495 270 2579 εζηκ,
285 2512 374 2569 extra
387 2523 421 2569 se
434 2501 628 2594 relinquens
640 2501 673 2580 θ,
690 2497 783 2594 quod
796 2512 844 2568 est
855 2498 1002 2568 universi
1014 2511 1181 2570 centrum.

213 2717 233 2750 ¹⁸
253 2721 301 2782 Sic
315 2721 487 2804 legendum.
506 2724 540 2783 ln
560 2723 659 2785 codice
680 2722 786 2806 iegitur
805 2724 902 2805 potius
917 2721 965 2794 ηδ,
981 2725 1021 2784 ita
1039 2735 1138 2784 tamen
1153 2737 1185 2788 ut

175 2821 272 2886 littera
285 2848 316 2896 η,
327 2825 404 2886 male
415 2825 552 2896 formata,
568 2826 696 2887 litteraea
709 2825 867 2886 subsimilis
879 2827 923 2886 sit.
937 2825 1010 2893 Vide
1022 2827 1125 2887 Notum
1139 2848 1183 2890 aa.

215 2925 234 2954 ¹⁵
256 2927 289 2986 in
309 2929 408 2988 codice
427 2932 478 2988 ἐὰν
497 2927 537 2988 δέ.
553 2929 611 2990 Sed
626 2930 740 3012 punctis
757 2950 844 3010 supra
862 2927 970 2988 lineam
985 2930 1084 3010 positis
1098 2928 1185 2988 libra·

180 3027 241 3087 rius
255 3027 466 3091 dubitationem
481 3033 543 3113 ipse
558 3053 641 3092 suam
656 3031 818 3092 declaravit.
835 3029 909 3092 Vide
923 3031 993 3090 Tab.
1010 3052 1048 3099 ns
1058 3037 1091 3090 n‘*
1105 3033 1143 3113 37
1160 3053 1183 3090 o.

213 3129 232 3158 ¹⁰
254 3130 287 3190 In
303 3133 401 3193 codice
416 3137 587 3216 ἐκκέντρων.

187 3273 190 3291 1
215 3229 235 3259 ¹⁷
258 3233 291 3292 ln
306 3234 404 3295 codice
418 3234 624 3318 παραδίδωσιν.
752 3287 754 3291 ,

216 3333 236 3363 ¹⁸
257 3334 291 3394 ln
305 3335 404 3396 codice
418 3336 444 3396 a'
461 3337 485 3404 ζ’
503 3339 539 3397 κ’.

214 3434 235 3464 ”
257 3437 311 3498 Pro
326 3441 357 3507 θ,
373 3441 389 3498 ὅ
404 3441 479 3509 teia,
495 3441 526 3500 in
542 3440 755 3524 codiceiegitur
767 3463 783 3502 a
794 3447 811 3501 ὁ
823 3445 873 3501 tari
883 3469 889 3502 ι
901 3440 981 3524 quod
995 3461 1113 3501 sensum
1124 3459 1184 3501 non

180 3537 274 3598 habet.
291 3539 333 3598 De
348 3552 445 3601 centro
459 3542 564 3603 mundi
579 3542 727 3608 evidenter
741 3545 844 3628 agitur,
858 3543 938 3626 quod
951 3543 1046 3611 littera
1059 3545 1077 3601 θ
1090 3543 1183 3602 notari

180 3640 397 3722 assequentibus
411 3641 510 3724 liquet.

212 3739 233 3770 ¹⁰
255 3743 311 3803 Pro
325 3747 459 3825 κέντρον,
481 3747 511 3804 in
530 3748 627 3808 codice
642 3759 684 3808 est
701 3750 818 3829 signum
837 3748 949 3831 dequo
965 3751 1026 3829 jam
1046 3747 1182 3807 diximus.

180 3842 252 3904 Vide
267 3845 337 3904 Tab.
354 3865 385 3914 a,
402 3851 433 3904 n⁰
452 3869 462 3905 ι
472 3848 500 3928 f.
