2958 4824
469 407 526 474 er
549 375 845 506 Asrpononrl.
1106 411 1164 470 175

151 535 223 602 lem
240 532 400 604 videntur
419 533 561 614 babere,
589 559 686 629 aequa
704 535 809 628 spatia
828 535 932 629 aequis
950 529 1163 626 temporibus

152 680 223 726 non
233 659 481 749 percurrentia,
496 655 680 736 sedonius,
693 658 914 751 quumetiam
923 658 1055 752 majora
1065 677 1164 748 prop

151 791 205 846 ter
218 781 508 875 propinquitatem
518 777 634 850 Terrae
649 776 723 848 fieri
739 777 913 858 videntur,
923 776 1051 847 tardius
1064 801 1162 856 vero,

151 925 262 993 quum
278 904 380 972 etiarn
393 903 527 971 minora
545 907 750 994 spectantur,
771 912 889 992 utpote
903 924 922 969 a
936 899 1043 969 Terra
1054 923 1165 972 remo·

150 1023 247 1092 tiora.
273 1021 505 1092 Latitudinem
527 1032 642 1091 autem
662 1034 872 1090 transcursus
894 1023 930 1089 in
950 1019 1087 1092 zodiaco
1106 1021 1164 1090 Sol

151 1148 296 1215 omnino
314 1149 468 1239 exiguam
487 1140 580 1222 lacit,
598 1145 695 1238 cujus
713 1139 854 1213 summa
866 1155 915 1212 est
929 1167 998 1212 una
1014 1141 1087 1214 360
1104 1147 1166 1212 cir-

151 1267 221 1336 culi
243 1269 411 1360 partium,
431 1266 543 1344 Luna,
563 1278 601 1334 ut
621 1265 721 1357 prisci
741 1263 874 1344 dicunt,
896 1277 929 1332 et
948 1262 1166 1358 Phosphorus

150 1389 354 1467 maximam,
383 1387 510 1460 scilicet
530 1387 625 1455 circa
652 1399 764 1479 partes
790 1386 907 1456 circuli
944 1411 1002 1467 ης
1031 1384 1166 1457 Stilbon

150 1509 331 1591 Mercurii,
361 1511 450 1578 circa
473 1521 585 1601 partes
605 1507 645 1588 83
667 1507 784 1603 Pyrois
803 1519 837 1576 et
856 1506 1048 1588 Phaethon,
1077 1511 1165 1578 cirea

149 1645 261 1724 partes
283 1633 321 1713 5;
341 1631 509 1711 Phaenon,
535 1632 624 1699 circa
644 1643 756 1724 partes
781 1627 814 1698 3.
838 1627 907 1700 Sed
931 1629 1027 1700 Luna
1051 1643 1085 1699 et
1106 1631 1165 1701 Sol

148 1753 325 1847 aequaliter
352 1755 387 1820 in
415 1765 598 1846 utramque
626 1764 759 1845 partem
784 1776 803 1819 a
828 1750 957 1820 circulo
985 1775 1048 1846 per
1074 1753 1166 1846 signa

148 1873 265 1944 medio
284 1877 318 1942 in
332 1876 430 1943 omni
444 1877 540 1968 signo
556 1871 745 1944 secundum
759 1871 976 1942 latitudinem
992 1871 1165 1943 discedere

148 1995 328 2078 videntum
350 2007 543 2064 ceterorum
563 1993 726 2090 quodque
751 2019 821 2064 non
845 1995 1029 2089 aequaliter,
1050 1995 1165 2066 sedin

150 2118 265 2211 aliquo
295 2121 390 2213 signo
420 2119 566 2186 maxime
594 2117 827 2211 aquilonium,
858 2118 893 2184 in
921 2116 988 2186 alio
1019 2119 1166 2186 maxime

151 2239 295 2308 australe
325 2252 384 2308 est.
417 2238 599 2334 Signorum
629 2253 744 2308 autem
778 2238 945 2308 circulum
976 2238 1166 2310 secundum

152 2359 400 2454 longitudinem
423 2358 465 2429 ab
489 2385 559 2430 uno
583 2374 711 2454 puncto
732 2357 775 2429 ad
797 2358 891 2432 idem
908 2373 1095 2452 punctum,
1116 2385 1166 2431 se-

152 2483 291 2579 quentia
308 2505 423 2551 versus
447 2494 480 2550 et
500 2505 570 2550 non
588 2479 822 2550 antecedentia
845 2481 954 2575 signa,
976 2481 1073 2552 Luna
1096 2482 1166 2554 die-

151 2599 216 2670 bus
232 2627 276 2700 27
293 2615 326 2674 et
338 2604 437 2673 tertia
451 2600 521 2671 lere
540 2616 635 2695 perte
652 2601 719 2672 diei
734 2615 769 2672 et
783 2605 891 2672 noctis
907 2606 1091 2695 percurrit3
1108 2603 1165 2674 Sol

150 2747 223 2793 uno
240 2749 346 2805 anno,
367 2727 432 2820 qui
446 2738 495 2793 est
513 2723 649 2794 dierum
663 2725 796 2803 circiter
811 2723 882 2794 365
906 2723 976 2819 ¹si¹3
994 2723 1168 2818 Phospho-

150 2870 207 2916 rus
223 2861 257 2918 et
274 2846 409 2918 Stilbon
429 2848 658 2942 particulatim
675 2846 817 2942 quidem
836 2845 1032 2942 inaequa‘bili
1051 2861 1165 2928 motu,

151 2992 273 3060 parum
294 2969 508 3063 temporibus
531 2967 739 3047 differentes,
764 2968 838 3048 sed,
861 2971 886 3040 si
905 2983 1018 3040 totum
1038 2983 1166 3062 specta-

152 3091 252 3169 veris‚
277 3115 375 3184 aequo
399 3115 501 3160 eursu
524 3115 604 3160 cum
628 3090 707 3160 Sole
731 3089 899 3169 feruntur,
920 3115 1056 3186 semper
1079 3094 1166 3162 circa

153 3209 250 3278 illum
264 3213 323 3280 visi
332 3242 340 3292 3
354 3226 564 3306 quapropter
580 3227 806 3306 assequuntur
823 3213 921 3283 illum
936 3226 969 3280 et
987 3215 1057 3307 ipse
1076 3215 1167 3282 vicis·-

153 3331 215 3397 sim
240 3331 443 3426 eos.'Pyrois
464 3331 605 3402 biennio
627 3331 697 3402 lere
720 3331 857 3403 conficit
880 3357 1034 3415 cursum;
1060 3331 1166 3402 Phae-

152 3448 251 3532 thon,
266 3475 375 3546 prope
385 3453 568 3524 duodecim
581 3458 693 3537 annis;
709 3469 742 3522 et
753 3453 922 3530 Pbaenon,
938 3451 1167 3548 paulominus

195 3624 204 3651 ⁷
227 3625 260 3684 ln
276 3625 375 3686 codice
389 3637 484 3688 τοῦτο.

194 3729 203 3756 ⁸
226 3729 259 3788 ln
275 3729 375 3791 codice
387 3735 517 3812 πυρόεις.

194 3832 203 3858 ⁹
227 3833 258 3892 ln
275 3832 375 3894 codice
391 3831 442 3905 δὴν
457 3833 568 3895 διετίαν.
