2970 4822
323 424 382 488 tto
612 421 808 486 Turonis
828 421 1037 488 sutirum!

317 546 436 635 cuique
451 547 493 614 sit
508 567 583 613 cava
598 547 737 635 sphaera,
756 549 799 614 ita
819 559 928 614 tamen
946 561 984 614 ut
998 571 1092 638 equs
1107 549 1207 616 trium
1227 551 1274 616 sit
1291 575 1348 618 re-

317 657 487 726 volutionis
499 660 656 733 celeritas,
666 671 766 747 utque
772 660 945 748 plenarum
954 661 1120 728 minorum
1129 662 1347 750 sphaerarum

318 769 432 846 trium,
445 772 513 838 haec
524 784 606 838 astra
616 773 677 838 tria
686 772 876 848 ferentium,
887 785 996 840 centra
1007 797 1134 862 semper
1142 773 1177 838 in
1189 797 1256 840 una
1268 775 1346 839 sint

318 893 402 948 recta
414 883 512 959 linea,
531 897 562 952 et
573 885 710 951 minima
723 886 764 950 sit
774 885 870 974 plena
882 886 1007 974 sphaera
1020 885 1118 958 Solis,
1135 886 1239 973 major
1249 888 1343 952 Mer·

318 995 417 1072 cmii,
434 999 538 1086 major
549 999 645 1064 etiam
656 998 804 1072 Venerin
822 998 879 1064 sed
896 998 966 1064 ficri
982 999 1080 1064 etiam
1094 1019 1186 1086 posse
1201 1009 1238 1062 ut
1253 1021 1341 1064 cava

318 1106 442 1194 sphaera
453 1132 517 1176 una
529 1111 572 1176 sit
581 1111 682 1176 trium
694 1122 853 1177 astrorum
864 1111 1060 1184 communis,
1076 1121 1176 1198 utque
1188 1110 1340 1176 minores

317 1219 448 1307 sphaerae
460 1233 523 1288 tres
533 1223 620 1289 idem
632 1235 780 1290 centrum
791 1224 944 1298 habeant,
957 1223 1001 1288 ita
1011 1234 1048 1288 ut
1059 1245 1171 1288 carum
1181 1222 1336 1296 minima,

317 1329 426 1398 Solem
446 1331 565 1408 serens,
583 1334 650 1401 sola
662 1358 735 1401 vere
747 1335 843 1424 plena
858 1335 913 1410 sit,
927 1335 1116 1424 sphaeraque
1132 1334 1336 1400 Mercurium

317 1440 438 1510 serente
459 1445 758 1535 commeatumque
775 1459 807 1514 et
827 1447 896 1536 ipsa
916 1447 1118 1514 contineatur
1133 1446 1258 1534 sphaera
1273 1448 1336 1512 Ve-

318 1576 429 1621 nerem
445 1555 581 1634 serente,
599 1559 692 1625 etsie
707 1560 821 1626 eadem
836 1560 879 1625 sit
894 1559 997 1626 trium
1013 1569 1172 1626 astrorum
1182 1559 1217 1624 iu
1229 1559 1336 1647 longi-

318 1667 465 1734 tudinem
480 1670 587 1736 media
602 1671 744 1740 celeritas
759 1683 891 1760 propter
906 1693 1114 1738 communem
1131 1671 1233 1738 tribus
1245 1693 1336 1736 cavae

318 1781 449 1868 majoris
470 1782 601 1870 sphaerae
626 1795 765 1858 motum,
790 1785 846 1852 sed
870 1784 1000 1874 propria
1023 1785 1141 1872 cuique
1161 1784 1203 1848 sit
1222 1795 1336 1850 motus

318 1891 514 1982 inequalitas
535 1905 568 1960 et
588 1897 717 1984 propria
737 1897 855 1986 cuique
878 1897 913 1962 in
935 1896 1139 1962 latitudinem
1160 1895 1333 1992 digressio

318 2017 448 2094 propter
460 2007 561 2073 varias
573 2008 738 2074 minorum
749 2009 950 2097 sphaeramm
962 2008 1063 2074 trium
1076 2007 1333 2096 magnitudines,

318 2117 553 2186 revolutionum
570 2121 742 2186 celeritates
758 2133 789 2186 et
805 2121 913 2188 axium
929 2121 1162 2187 inclinationes

363 2231 413 2295 En
429 2253 504 2319 ergo
521 2233 738 2298 astronomicae
753 2233 892 2300 historiae
909 2232 1117 2322 scriptoribus
1134 2232 1333 2320 incognitam

316 2341 527 2430 hypotheseos
542 2343 629 2410 illius
646 2345 860 2412 celeberrimae
876 2344 1030 2419 sormam,
1048 2346 1082 2412 in
1101 2369 1166 2434 qua
1181 2345 1251 2419 Sol,
1270 2345 1333 2410 cir-

316 2475 392 2520 cum
408 2456 541 2522 Terram
563 2476 669 2524 annue
686 2481 832 2532 currens,
850 2457 1000 2524 Mercurii
1018 2468 1051 2524 et
1065 2458 1197 2524 Veneris
1213 2457 1330 2524 circui·

316 2566 401 2632 tibus
423 2579 600 2644 coronatur,
618 2581 650 2636 et
671 2572 762 2658 cujus
784 2571 952 2659 antiquam
973 2570 1156 2644 historiam,
1177 2593 1329 2636 mancam

316 2701 418 2768 usque
435 2692 564 2748 nuncet
577 2683 736 2748 erroribus
748 2683 859 2748 multis
875 2693 1065 2757 scatentem,
1084 2683 1229 2772 inopere
1245 2683 1327 2750 alio¹

316 2790 506 2860 reficiemus.
523 2793 596 2858 Jam
616 2817 704 2860 nunc
727 2807 836 2861 autem
857 2796 1036 2863 notandum
1052 2796 1156 2870 veuit,
1179 2795 1328 2862 eamdem

315 2903 399 2969 hanc
414 2905 512 2992 hujus
528 2907 739 2996 hypotheseos
754 2883 906 2983 formam,
920 2911 946 2974 si
960 2909 1140 2982 Chalcidio,
1155 2908 1327 2975 Adrastum

316 3013 366 3080 vel
378 3015 544 3082 Theonem
558 3030 718 3085 auctorem
730 3032 853 3095 secuto,
866 3023 1042 3096 credimus,
1060 3021 1236 3086 Heraclidae
1247 3023 1327 3088 Pon-

315 3125 377 3192 tico
392 3127 464 3214 jam
489 3129 652 3196 inventam
677 3131 803 3205 fuisset
826 3133 884 3220 qui
909 3147 941 3200 et
962 3133 1050 3199 idem
1071 3133 1121 3198 vir
1143 3133 1326 3220 ingeniosus

316 3239 502 3326 quotidiana
517 3243 638 3316 Terrae,
654 3242 689 3306 in
706 3244 823 3310 mundi
840 3258 949 3320 centro
960 3245 1085 3319 stantis,
1099 3245 1222 3311 circum
1234 3267 1326 3312 axem

315 3351 510 3418 revolutione
521 3352 586 3418 diei
597 3355 761 3444 nucusque
769 3357 853 3423 vices
864 3358 947 3424 effici
956 3357 1134 3426 credebat³.
1143 3357 1326 3424 Notandum

353 3537 360 3567 ¹
382 3535 413 3588 ln
426 3534 539 3591 Historia
550 3538 703 3593 noemmin
715 3540 828 3615 antiquo.

352 3630 362 3660 ¹
382 3628 448 3684 Vide
459 3627 622 3705 Appendiccm
634 3630 736 3688 ultum
749 3647 775 3690 et
786 3637 875 3692 Descr.
887 3655 940 3694 m.

353 3725 362 3755 ³
383 3722 448 3778 vids
461 3722 600 3791 Proclunr,
614 3725 639 3780 in
661 3726 787 3792 Timaeum,
804 3751 830 3806 p.
848 3735 896 3789 281
914 3733 984 3788 ned.
998 3732 1075 3788 Basil.
1093 3733 1137 3807 (p.
1153 3733 1200 3788 281
1215 3729 1325 3786 Schnei-

314 3815 398 3888 ἀυτῆς
413 3816 591 3893 Simplicium,
605 3821 640 3874 Dc
650 3821 723 3886 coelc,
737 3825 774 3887 ll,
786 3823 831 3879 sol.
848 3843 913 3897 rog,
927 3829 992 3890 rati,
1004 3835 1030 3880 et
1044 3827 1093 3882 132
1107 3825 1174 3888 ild,
1189 3845 1215 3899 p.
1227 3826 1280 3896 695
1294 3843 1324 3888 ⁰,
