3016 4826
240 345 246 358 ·
321 401 384 464 3118
609 399 735 462 NOTAE
759 401 802 459 ΙΝ
823 399 1036 460 THEONEM

320 523 444 606 Callippi
459 521 686 606 Pompeqmatffl.
708 523 751 582 De
766 541 798 581 ea
820 519 884 582 silet
902 520 1020 589 Aratus,
1040 521 1090 602 qui
1111 521 1140 579 in
1159 519 1329 581 Macedonia
1410 503 1413 513 ¹

322 625 475 686 scribebat.

767 767 838 820 Nora
858 764 887 818 B.

638 849 675 931 id
689 898 710 931 c.
726 894 771 940 ιιι,
786 876 830 930 sol.
845 897 858 929 a
875 877 903 938 t,
915 895 939 949 p.
955 879 1014 931 r50.

374 1068 505 1080 .......
516 1020 607 1099 [dtas
622 1015 653 1076 δὲ
674 1015 795 1077 noros
814 1017 893 1077 totto
913 1017 976 1096 ἠῙ),
992 1049 1033 1061 -
1049 1014 1208 1082 Haevoces.
1230 1037 1333 1097 quam-

325 1124 367 1182 vis
382 1124 411 1182 in
426 1121 527 1182 codiee
540 1122 667 1187 omissae,
684 1132 712 1180 et
723 1119 858 1202 quamvis
873 1119 960 1178 etiem
975 1118 1060 1178 aliam
1076 1137 1245 1178 mensuram
1260 1118 1332 1178 Era·

324 1223 451 1285 tostheni
468 1223 575 1284 tribuat
586 1221 754 1284 cleomedes
765 1220 784 1289 ¹,
801 1233 862 1282 tuto
875 1222 905 1280 in
918 1221 1016 1282 locum
1029 1241 1116 1280 suum
1129 1221 1332 1282 restituuntur.

327 1327 415 1391 Nam.
432 1337 534 1408 praeter
548 1324 675 1386 Theonis
695 1323 883 1386 Alexandrini
897 1335 926 1384 et
940 1322 1083 1404 Simplicii
1103 1320 1334 1390 auctoritatem³‚

326 1429 418 1511 ipsius
437 1428 565 1490 Theonis
585 1427 726 1510 Smyrnaei
745 1427 831 1490 verba
853 1427 940 1510 paulo
959 1427 1034 1487 infra
1056 1426 1238 1513 videbimus..
1254 1448 1334 1509 quae.

327 1533 381 1591 etsi
396 1531 531 1592 nonnihil
545 1531 712 1614 depravata,
728 1529 845 1590 nullum
860 1529 1034 1594 dubitationi
1046 1529 1144 1590 locum
1155 1529 1335 1614 rel'qquunt.

243 1703 245 1712 ,
327 1633 420 1694 Nemo
432 1645 476 1694 est
485 1635 578 1702 enim,
590 1633 663 1716 quin
675 1631 782 1700 videat,
794 1654 847 1716 pro
857 1631 1054 1693 dmonstratae
1065 1643 1094 1692 et
1105 1629 1274 1692 δεκοποδίοο
1286 1653 1336 1690 κα-

327 1739 426 1804 θέτου,
439 1735 597 1820 legendum
610 1756 672 1796 esse
684 1733 896 1798 tentaturus
908 1739 1029 1798 καθέτου
1040 1761 1047 1802 ς
1059 1756 1112 1818 pro
1127 1732 1338 1795 samsones

327 1841 462 1907 κάθετον,
473 1837 632 1922 legendum
644 1821 706 1899 esse
716 1820 930 1900 temerares
939 1840 1078 1904 κάθετονς
1090 1847 1118 1898 et
1129 1857 1182 1918 pro
1193 1843 1251 1896 τῶν
1262 1836 1339 1896 rata-

329 1941 396 2002 δίωο
404 1944 542 2009 κάθετον,
557 1941 716 2022 legendum
730 1962 792 2000 esse
806 1949 863 2000 τῶν
877 1964 887 1999 ι
901 1938 1023 2001 nasim
1037 1942 1167 2000 κάθετον.

773 2101 845 2155 Νοιι
864 2102 894 2154 C.

645 2213 683 2265 Ad
696 2231 717 2264 c.
733 2230 779 2273 ιιι,
794 2212 838 2265 sol.
855 2232 867 2264 ο
884 2212 912 2273 b,
924 2231 950 2285 p.
966 2215 1025 2267 150.

381 2395 516 2408 .......
529 2346 658 2408 κάτὲισιν
674 2354 748 2431 ὑπὲρ
766 2354 872 2430 μέτρον
889 2352 1022 2431 τούτων).
1036 2351 1124 2410 -In
1139 2350 1340 2434 sequentibus.

292 2513 294 2517 ,
332 2449 461 2512 ostendit
480 2465 593 2519 auctor,
614 2452 639 2510 si
658 2453 689 2511 in
708 2452 800 2536 digito
818 2453 875 2512 sint
894 2473 928 2512 ιι
948 2455 1031 2536 graui
1051 2452 1125 2512 milii
1143 2453 1293 2520 diametri,
1314 2463 1342 2512 et

335 2557 366 2614 in
385 2538 459 2636 pede
483 2554 567 2638 digiti
594 2553 644 2624 16,
665 2557 696 2616 in
718 2555 791 2640 pede
810 2578 872 2618 esse
893 2557 977 2639 grani
995 2539 1071 2614 initii
1095 2555 1252 2616 diametros
1274 2574 1361 2638 192.

334 2657 458 2731 «Quum
468 2669 584 2726 eutem,
601 2652 705 2741 preter
723 2681 758 2718 12
775 2659 849 2720 milii
863 2660 947 2741 grani
962 2658 1133 2728 diametros,
1148 2657 1271 2718 dimidia
1285 2656 1344 2718 fere

335 2759 422 2820 «talis
441 2759 576 2822 diametri
593 2782 660 2843 pars
679 2761 817 2842 in-digiti
835 2781 974 2822 mensura
993 2761 1206 2827 eontinentur.»
1220 2760 1252 2818 in
1271 2757 1345 2842 pede

335 2883 401 2924 esse
418 2863 521 2924 statuit
535 2882 594 2924 200
610 2865 694 2945 grani
708 2863 782 2923 milii
797 2863 968 2932 diametros,
984 2874 1035 2922 aut
1048 2861 1255 2945 paulominus.
1272 2862 1346 2922 Nam

342 2986 378 3029 aa
392 2969 410 3043 ξ
424 2990 439 3021 κ
457 2963 493 3025 16
510 2989 551 3022 ::
568 2985 639 3027 noo.
661 2966 796 3027 Auctoris
814 2987 885 3050 ergo
905 2967 1047 3028 sententia
1065 2965 1096 3024 in
1115 2975 1215 3048 aperto
1234 2975 1287 3024 est.
1304 2963 1349 3024 De

339 3068 459 3130 vocibus
474 3067 597 3150 singulis
610 3068 641 3126 in
657 3068 757 3138 codiee
771 3069 932 3151 depravatis
947 3065 1082 3130 nonnihil
1096 3077 1228 3150 superest
1240 3064 1324 3126 dubii
1340 3089 1346 3122 ε

339 3171 365 3230 si
379 3169 446 3256 quis
461 3170 582 3230 meliora
595 3171 726 3232 invenire
740 3183 848 3255 potest,
864 3177 989 3242 ἐκεῖνος,
1006 3175 1060 3230 οὐκ
1079 3172 1184 3252 ἔχθρος
1193 3170 1256 3239 dv,
1274 3166 1349 3228 ἀλλὰ

339 3271 442 3350 onos,
455 3281 568 3353 κροτεῖ,
581 3284 614 3334 ut
625 3272 777 3335 aitPluto‘.
790 3276 849 3337 Nos
857 3275 981 3343 interea,
996 3295 1049 3357 pro
1056 3279 1104 3334 uui
1111 3276 1289 3354 κεγχριαίαις
1296 3269 1350 3331 δια-

377 3466 382 3490 ¹
401 3466 468 3514 Teste
480 3464 616 3522 Ptolemaeo,
632 3468 664 3514 De
676 3467 787 3518 stelionem
803 3468 941 3521 inerrantium
950 3467 1095 3537 opponntiir,
1111 3487 1134 3536 μ
1151 3487 1179 3532 7¹
1195 3466 1282 3520 Penii
1297 3467 1353 3516 Um·

342 3549 396 3604 not,
406 3565 469 3596 suno
481 3549 552 3606 1630,
565 3548 642 3598 in-sol.

377 3634 386 3659 ²
403 3631 463 3681 Vide
475 3630 535 3680 Diae.
551 3642 611 3700 part.
627 3635 660 3689 11,
674 3653 693 3683 c.
708 3653 745 3692 ιιι,
757 3636 767 3684 S
780 3640 816 3686 10.

377 3718 387 3745 ⁸
404 3714 463 3766 Vide
474 3713 530 3765 did,

378 3801 387 3826 ἢ
407 3797 461 3847 Tim.
475 3817 499 3866 p.
511 3802 540 3852 5tr
553 3819 573 3849 ι.
