2992 4822
314 404 356 474 blo
610 399 804 468 THEONlS
824 395 1029 470 SMYBNAEI

314 527 412 594 modo
423 527 464 592 ab
479 523 669 611 Aumagorae
685 523 841 589 sententia
857 521 1033 595 recessisse,
1046 521 1104 609 qui
1117 518 1185 586 Soli
1199 530 1329 586 motum

316 631 1328 729 unum,diumumscilicet,inerrantiumstellarumdiumomotu

315 749 503 824 tardiorem,
517 748 690 822 tribuebat,
703 747 760 816 sed
771 747 868 818 etiam
878 746 1022 837 epicyclo
1033 767 1130 812 usum
1145 765 1224 814 esse.
1235 744 1327 810 Idem

316 861 494 935 affirmatur
507 859 587 928 etin
600 859 758 938 Chalcidii
775 860 844 960 loco
857 859 897 926 de
909 859 1049 927 motibus
1062 857 1213 926 Mercurii
1225 869 1258 924 et
1266 857 1327 924 Ve-

316 969 1021 1063 neris,quenreTheonis,velAdrasti,opere
1029 970 1329 1058 aliqnoexpressum

316 1105 383 1155 esse
399 1085 588 1155 credimur.
606 1084 756 1153 Proctus2
773 1096 882 1156 contra
899 1083 1062 1153 contendit
1074 1107 1092 1152 a
1103 1083 1243 1150 Platonis
1255 1082 1329 1150 doc-

315 1199 399 1270 otus
415 1199 553 1269 alienam
570 1196 667 1264 luisse
679 1210 711 1266 et
727 1197 944 1288 epicyclorum
956 1210 988 1264 et
1003 1197 1256 1266 excentricorum
1270 1195 1329 1262 cir-

279 1306 282 1314 ’
315 1311 463 1380 culorum
475 1305 969 1378 considerationemhedmerito
981 1309 1059 1378 dicit
1067 1309 1209 1383 Noster³,
1223 1331 1329 1398 quum

315 1423 495 1491 secundum
507 1423 585 1493 alios
599 1423 669 1498 Sol,
687 1424 780 1490 Luna
792 1434 824 1488 et
840 1434 979 1490 errantes
991 1423 1088 1490 stellae
1104 1423 1145 1490 ab
1159 1422 1282 1491 oriente
1292 1422 1328 1488 in

315 1535 528 1610 occidentem,
546 1535 629 1602 sicut
644 1535 742 1602 stsllae
758 1535 950 1610 inerrantes,
968 1535 1024 1602 sed
1041 1535 1171 1623 oblique
1182 1547 1215 1602 et
1230 1533 1329 1623 paulo

317 1647 452 1722 mdiu,
470 1647 614 1736 quotidie
629 1647 782 1720 serantur,
804 1647 983 1714 secundum
999 1647 1076 1717 alios
1097 1650 1139 1714 sb
1154 1648 1277 1714 oriente
1292 1647 1328 1714 in

317 1759 515 1831 occidentem
538 1759 609 1848 pari
635 1759 777 1826 cumeis
800 1758 976 1833 celeritate,
1000 1759 1056 1826 sed
1079 1759 1177 1828 simul
1194 1759 1330 1848 ¹proprio

317 1884 408 1940 motu
427 1873 468 1940 ab
487 1871 651 1940 occidente
670 1871 705 1940 in
726 1871 882 1946 orientem
903 1871 1033 1961 oblique
1054 1871 1208 1947 ferantur,
1226 1885 1329 1962 poste·

318 1984 436 2056 riorem
456 1984 646 2060 sententiam
666 1983 790 2058 Platoni
811 1984 911 2073 magis
931 1985 1098 2074 placuisse.
1112 1986 1204 2056 Prior
1220 1997 1330 2054 contra

317 2093 509 2186 Anaxagorae
521 2108 553 2166 et
562 2095 745 2164 Democrito
757 2097 909 2185 placuitls
927 2096 984 2164 sed
1000 2097 1100 2186 accipi
1113 2097 1255 2185 nequit⁵,
1268 2097 1330 2166 nisi

317 2209 509 2302 intellexeris
526 2231 591 2278 uon
608 2229 712 2276 unum
729 2209 900 2284 circulum,
919 2209 975 2276 sed
993 2209 1060 2276 365
1083 2209 1250 2298 parallelos
1272 2209 1330 2276 cir,

318 2321 421 2396 culos,
439 2322 490 2390 vel
506 2322 613 2411 potius
629 2322 763 2411 spiram,
782 2334 819 2389 ut
835 2321 1005 2393 Cleanthes
1023 2322 1155 2398 sebast,
1172 2321 1257 2390 inter
1268 2345 1332 2390 am·

318 2431 375 2501 bos
387 2432 523 2522 tropicos
540 2456 559 2511 s
575 2433 648 2503 Sole
660 2434 806 2503 describi.
824 2435 861 2503 ln
878 2435 939 2502 hac
950 2435 1102 2524 opinions
1114 2446 1149 2527 et
1157 2431 1331 2508 Adrastum

318 2543 416 2614 ssim
433 2546 609 2622 credimus,
626 2548 683 2636 qui
700 2547 825 2618 dicebat
846 2561 1004 2628 astrmum
1026 2548 1203 2622 errantium
1225 2571 1331 2617 unum

319 2678 387 2727 esse
401 2671 527 2728 motum
543 2661 583 2728 ab
594 2661 715 2728 oriente
726 2662 762 2728 in
779 2662 992 2738 occidentem,
1009 2662 1223 2731 inerrantium
1239 2673 1332 2731 motu

201 2761 204 2766 ‘
319 2769 416 2858 paulo
441 2771 643 2840 aruissent
664 2774 777 2842 Merito
797 2775 859 2842 hac
883 2775 923 2844 de
945 2798 980 2842 re
1004 2775 1118 2844 Theon
1145 2774 1333 2864 Smyrnaeus

318 2880 484 2950 Platonem
500 2896 532 2950 et
546 2885 763 2974 Dercyllidem
779 2888 870 2976 sequi
886 2887 1029 2954 maluit⁸.

360 3051 368 3080 ¹
388 3047 455 3103 Vide
465 3047 625 3123 Appendicem
634 3047 742 3105 oleron.

359 3141 369 3172 ¹
388 3140 418 3194 lu
433 3139 494 3194 Tiar
507 3161 533 3217 p.
548 3162 597 3198 ans
611 3143 823 3218 Fed.gr.13uit.
838 3147 877 3221 (p.
892 3147 946 3208 hit
957 3147 1132 3218 Schneidsri).

359 3237 369 3267 ⁸
389 3234 420 3289 C.
432 3252 507 3299 sxvr,
522 3235 568 3290 iol.
585 3241 618 3296 sla
630 3257 659 3300 u,
672 3248 698 3292 et
711 3257 733 3292 c.
747 3257 829 3303 nuru,
843 3239 888 3294 iol.
904 3259 935 3295 ιο
949 3260 974 3294 o.

360 3327 370 3359 ²
389 3326 455 3382 Vide
465 3328 759 3404 pseudo-Plutarchum,
772 3333 810 3388 De
821 3330 918 3407 placitis
929 3331 1137 3409 pbilosophorum,
1149 3334 1188 3401 11,
1205 3336 1246 3392 sd.

359 3424 369 3454 ⁸
388 3421 454 3476 Vide
464 3422 544 3496 hujus
554 3422 620 3491 Dios.¹
633 3437 698 3500 part.
709 3428 748 3493 ΙΙ,
760 3417 782 3482 c.
796 3444 837 3492 tv,
848 3424 860 3480 S
873 3427 906 3482 13
920 3437 947 3482 et
958 3427 1000 3484 18.

359 3519 370 3550 ⁸
389 3513 455 3569 Vide
465 3515 545 3589 hujus
554 3516 621 3573 Dies.
630 3531 696 3594 part.
711 3518 913 3586 11‚c.1v,527.

359 3611 369 3641 s
389 3607 455 3662 Vide
467 3609 583 3665 Theonis
592 3611 688 3667 Astron.
702 3632 725 3667 c.
736 3630 816 3678 svm,
832 3613 877 3668 iol.
891 3634 924 3670 ro
938 3634 967 3678 o,
977 3625 1003 3669 et
1012 3633 1035 3670 c.
1046 3631 1133 3681 mn,
1149 3615 1196 3672 tol.
1211 3635 1242 3672 as
1258 3635 1284 3668 u.

360 3703 370 3734 ⁸
390 3699 456 3756 Vide
478 3703 594 3758 Theonis
608 3706 704 3759 Astroo.
723 3725 746 3760 c.
765 3723 846 3770 xsus,
864 3707 909 3762 fol.
929 3727 962 3764 so
979 3727 1010 3772 a,
1029 3727 1052 3766 c.
1069 3727 1128 3773 m,
1147 3709 1193 3768 iol.
1209 3711 1243 3766 ab
1258 3708 1288 3772 l,
1306 3720 1335 3762 et

323 3813 345 3848 c.
358 3811 438 3858 tntu,
452 3795 496 3849 iol.
514 3797 547 3851 28
558 3815 582 3851 a.
