2968 4890
236 539 240 552 .
324 453 382 514 102
615 449 810 512 THEONlS
830 449 1033 511 saltuum

785 646 798 700 S
822 649 863 702 13.

365 774 401 812 lt!
418 772 523 812 doum
542 774 626 812 Hom
646 773 840 824 mmmmm
859 775 892 814 Ιῖ
912 776 945 814 D}
965 773 1158 814 stromatum
1176 775 1210 814 ΑΒ
1229 775 1283 818 m

727 869 921 908 anmantuus.

214 1060 267 1090 nu.
370 1019 486 1086 Solaris
515 1043 587 1111 ergo
614 1034 719 1088 motus
748 1022 998 1110 inaequalitatem
1028 1019 1195 1094 descnhit,
1226 1021 1332 1108 qualis

323 1133 419 1200 etiam
435 1157 453 1200 a
470 1131 627 1201 Gemino¹
644 1145 676 1200 et
689 1133 859 1200 Ptolemaeo
866 1132 889 1207 ²,
906 1131 1087 1221 Hipparcho
1105 1132 1201 1206 duce,
1223 1144 1332 1200 notata

323 1257 385 1318 est,
402 1245 446 1312 ita
462 1256 498 1311 ut
514 1257 652 1333 quatum
667 1246 744 1311 anni
765 1245 920 1334 partium,
938 1245 1022 1310 inter
1038 1244 1168 1311 solstitia
1185 1256 1217 1311 et
1230 1245 1331 1333 aequi-

324 1358 444 1432 nootia,
461 1359 722 1447 parsvernasm
738 1357 779 1422 sit
794 1357 979 1443 disrumpi
1001 1353 1066 1448 rja,
1083 1358 1187 1423 aestiva
1201 1378 1243 1442 92
1262 1354 1294 1448 ι]
1320 1407 1330 1432 ,

325 1469 518 1536 autumnalia
539 1470 583 1535 88
605 1466 672 1559 ald,
690 1481 722 1535 et
737 1469 872 1534 hiberna
889 1491 933 1554 90
956 1465 1021 1560 ιβ,
1043 1491 1182 1557 quarum
1203 1491 1331 1536 summa

325 1593 371 1648 est
395 1581 521 1647 dierum
544 1583 611 1648 365
638 1578 704 1671 llltt
728 1592 827 1669 utque
851 1581 904 1647 Sol
930 1581 1049 1648 seratur
1072 1581 1249 1648 tardissime
1269 1583 1332 1647 suh

325 1693 455 1760 initium
479 1693 708 1764 Geminorum,
735 1693 884 1759 citissime
909 1694 969 1759 sub
994 1693 1126 1758 initium
1151 1693 1329 1780 Sagittarii,

325 1805 431 1874 media
445 1806 603 1872 celeritate
618 1807 677 1871 suh
693 1805 784 1870 initia
796 1805 931 1894 Virginis
943 1818 974 1872 et
986 1805 1135 1872 Piscium.
1148 1805 1330 1871 Notandum

325 1929 491 1986 essentem
509 1917 674 1992 Geminos,
690 1917 908 2006 Sagittarium,
922 1918 1084 2005 Virginem
1099 1928 1130 1982 et
1145 1916 1247 1982 Pisces
1264 1938 1330 1982 non

325 2051 391 2096 esse
406 2029 456 2096 ita*
467 2030 552 2096 dicta
564 2030 682 2103 sidera,
696 2031 751 2096 sed
762 2031 805 2096 ita
818 2031 916 2097 dictas
928 2030 1024 2096 etiam
1037 2028 1240 2094 duodecimas
1251 2051 1330 2116 qua·

324 2152 398 2210 tuor
417 2143 537 2209 zodiaci
554 2145 698 2230 partes³,
720 2165 858 2232 quarum
881 2143 973 2208 initia
994 2142 1029 2206 in
1050 2141 1100 2207 via
1122 2141 1203 2207 Solis
1224 2164 1332 2208 annua

325 2256 453 2342 triginta
477 2255 626 2344 gradibus
649 2267 722 2322 ante
744 2257 874 2324 solstitia
895 2267 927 2320 et
951 2253 1142 2343 aequinoctia
1164 2253 1223 2318 sita
1245 2265 1330 2320 sunt.

325 2367 508 2434 Notandum
524 2378 673 2455 praeterea
688 2366 876 2441 Adrastum,
893 2368 1010 2432 horum
1028 2377 1166 2453 quatuor
1180 2369 1333 2453 signorum

327 2477 418 2544 initia
443 2479 651 2552 indicantem,
676 2479 899 2546 mathematica
925 2477 1088 2565 diligentia
1110 2477 1157 2544 uti
1181 2476 1331 2544 noluisse.

327 2590 546 2678 Hipparchum
568 2591 655 2658 enim
676 2592 835 2678 sequitur,
860 2590 952 2677 cujus
975 2590 1122 2677 exemplo
1143 2589 1333 2656 Ptolemaeus

327 2703 482 2770 maximas
496 2703 711 2791 minimasque
726 2703 808 2769 Solis
825 2725 843 2766 a
863 2703 961 2767 Terra
981 2701 1143 2777 distantias
1161 2701 1196 2766 in
1213 2701 1332 2768 horum

328 2825 464 2901 quatuor
479 2814 642 2903 signorum
657 2815 735 2882 sexti
750 2814 865 2903 gradus
877 2814 983 2880 media
995 2825 1084 2902 parte
1100 2815 1286 2902 posuerat²;
1300 2826 1334 2880 et

328 2945 380 2992 eas
395 2926 542 2994 similiter
558 2928 689 2995 omnino
703 2925 855 2994 Adrastus
871 2927 939 3015 ipse
955 2927 1046 3016 ponit
1062 2927 1096 2992 in
1112 2938 1176 2992 tota
1192 2949 1242 2999 ea,
1258 2949 1333 3014 quae

328 3038 390 3104 hoe
406 3039 507 3126 capite
522 3041 711 3115 continetur,
729 3039 1006 3106 demonstratione.
1019 3041 1060 3103 Et
1072 3061 1147 3104 sane
1162 3038 1244 3105 Solis
1259 3061 1332 3126 apo·

329 3172 437 3236 geum,
451 3151 552 3238 quod,
567 3175 651 3218 anno
664 3164 734 3240 post
744 3152 908 3218 Christum
924 3163 1036 3218 natum
1055 3152 1158 3223 1800,
1171 3152 1212 3216 ab
1226 3151 1332 3218 estivo

368 3282 375 3312 ¹
395 3277 470 3335 Elem.
485 3287 574 3334 astron
588 3301 610 3335 c.
624 3300 647 3343 r,
661 3299 687 3356 p.
700 3280 715 3334 3
733 3280 829 3334 Ureret,
846 3280 928 3343 1630,
942 3279 1028 3334 in-lol.

365 3376 375 3404 ²
396 3375 477 3447 (lamp.¹
491 3373 565 3428 mad.
579 3375 632 3437 Ill.
649 3378 673 3433 t.

349 3469 376 3499 ·³
395 3465 434 3520 Cs.
447 3466 603 3530 Geminum,
616 3486 639 3521 c.
654 3484 715 3540 1,p.
730 3487 753 3520 r.

365 3558 375 3591 ⁴
395 3559 425 3612 ld
438 3559 500 3614 inde
510 3560 610 3626 elucet,
620 3559 690 3634 qnod
700 3558 854 3614 Ptolomeus
865 3557 961 3633 (Comp.
973 3558 1045 3614 moth.
1059 3560 1110 3623 ΙΙΙ,
1122 3564 1153 3622 t,
1170 3560 1222 3623 tl,
1234 3577 1261 3632 p.
1273 3561 1334 3630 187·

332 3655 382 3708 188
393 3651 550 3708 Hatmaesf.
564 3654 616 3717 Ill,
632 3657 661 3716 6,
673 3653 700 3706 in
714 3651 780 3726 fine)
797 3657 830 3711 st
845 3651 967 3727 gradihus
977 3662 1003 3706 et
1012 3650 1122 3708 dimidio
1131 3669 1259 3727 apogeum
1267 3651 1335 3726 Hip·

327 3747 418 3821 parchi
427 3757 545 3822 tempore
558 3746 679 3802 distitisse
690 3757 716 3801 et
726 3764 797 3800 nunc
809 3745 887 3802 etiam
895 3745 995 3812 ‚distare
1008 3745 1072 3808 dicit
1082 3747 1115 3802 ah
1126 3747 1210 3804 estivo
1223 3743 1333 3802 solstitio

329 3839 490 3895 occidentem
501 3859 597 3894 versus.
