3016 4826
336 397 399 459 ³50
626 399 752 460 NOTAE
776 401 818 461 ln·
840 401 1059 464 THEONEM

779 582 851 634 Νιιιι
871 581 899 634 F.

647 693 685 746 nd
698 713 721 746 c.
736 710 783 756 ιιι,
796 692 840 746 fol.
854 693 870 746 3
885 713 916 756 ιι,
929 713 954 766 p.
973 695 1032 746 152.

385 880 516 892 .......
525 833 641 912 [τρίτων
660 835 714 908 μὲν
728 834 854 912 ἀριθμῶν
872 829 1007 912 μυριάδας
1021 830 1091 898 σξθ.
1106 883 1112 894 .
1127 836 1165 914 .])
1177 835 1256 896 -Si
1275 859 1345 897 cum

333 935 378 994 his
389 956 455 1018 quae
467 933 549 994 uncis
560 933 733 994 inclusimus
745 933 877 994 conferas
886 953 921 993 ea
930 927 996 1016 quar
1007 933 1038 993 in
1051 935 1151 995 codice
1161 953 1228 998 sunt
1240 950 1270 998 et
1278 941 1345 1000 imae

333 1049 425 1098 textus
438 1038 550 1120 pagina
562 1036 782 1118 adscripsimus,
796 1035 908 1098 videbis
923 1057 1030 1118 paucas
1042 1047 1156 1098 mutum
1169 1061 1253 1100 voces
1265 1063 1282 1100 a
1294 1064 1345 1102 no

333 1141 377 1201 bis
391 1152 517 1201 mutatas
531 1139 634 1207 fuisse,
650 1139 701 1199 sed
716 1160 819 1199 omnes
832 1137 892 1198 sere
906 1159 1045 1199 numeros
1058 1141 1090 1198 in
1105 1141 1204 1202 codice
1223 1157 1274 1203 aut
1293 1144 1344 1205 de-

332 1245 420 1305 fuisse
435 1255 486 1304 aut
500 1243 576 1304 male
590 1242 679 1302 fuisse
693 1245 824 1324 scriptos.
840 1244 928 1302 Hunc
944 1243 1137 1324 ipsissimum,
1153 1266 1243 1326 quem
1260 1247 1345 1308 dedi·

332 1369 412 1416 mus,
424 1369 583 1408 numerum
593 1347 703 1407 auctori
713 1347 856 1428 placuisse
867 1345 942 1406 Nota
953 1365 972 1406 ιι
984 1346 1254 1408 demonsnabitSit
1262 1371 1344 1410 nunc

333 1451 400 1510 satis
411 1471 546 1512 enarrare
557 1450 707 1533 quomodo
720 1449 769 1510 hic
782 1468 924 1510 numerus
936 1451 1034 1532 gracie
1046 1451 1166 1511 vocibus
1181 1451 1344 1514 declaratus

226 1609 228 1613 ,
331 1553 427 1615 fuerit.
443 1556 486 1614 Ex
500 1555 562 1636 ipsa
576 1553 683 1613 codicis
696 1553 833 1622 lectione,
848 1575 938 1637 quam
953 1553 1007 1612 hac
1021 1553 1142 1636 quidem
1156 1555 1188 1614 in
1203 1577 1236 1616 re
1250 1561 1342 1616 secuti

332 1677 447 1726 sumus,
463 1657 568 1740 liquet,
583 1669 688 1738 prater
702 1677 840 1718 numeros
851 1657 927 1717 infra
942 1656 1044 1716 decem
1059 1657 1164 1726 millia,
1181 1670 1239 1718 tres
1252 1655 1343 1719 fuisse

332 1760 483 1844 myriadum
505 1760 636 1828 ordines,
658 1779 787 1843 quorum
809 1760 918 1842 singuli
940 1759 1044 1820 litteris
1063 1761 1190 1843 expressi
1211 1761 1340 1828 fueram

330 1865 459 1944 primum
473 1863 647 1947 pertinuisse
659 1863 696 1922 ad
710 1863 856 1945 myriadas
869 1864 945 1922 infra
958 1867 1087 1945 μυριάκις
1101 1866 1199 1945 μύριαι
1215 1863 1341 1924 alterum

331 1965 367 2026 ad
386 1965 530 2049 myriadas
548 1966 716 2049 myriadum
734 1965 810 2024 inira
830 1969 959 2048 μυριάκις
977 1970 1089 2047 μυρίων.
1103 1968 1203 2047 μθριυς
1219 1968 1339 2026 tertium

330 2069 365 2128 ad
383 2070 549 2150 myriadum
568 2069 735 2150 myriadum
755 2067 900 2150 myriadas
919 2068 995 2126 inira
1015 2073 1143 2150 μυριάκις
1162 2073 1269 2150 μυρίων
1289 2091 1338 2146 μυ-

331 2176 398 2252 ρίων
408 2176 505 2255 μίρια;
518 2173 598 2232 etsie
610 2172 698 2230 fuisse
713 2172 880 2253 signorum,
893 2171 1003 2253 quibus
1014 2191 1094 2232 nunc
1108 2172 1140 2230 iu
1154 2171 1339 2231 numerando

330 2275 450 2343 utimur,
464 2275 553 2334 series
568 2284 704 2355 quatuor,
723 2294 813 2333 unam
829 2271 903 2332 infra
918 2271 1020 2332 decem
1036 2271 1142 2340 millia,
1157 2284 1265 2332 ceteras
1282 2284 1337 2332 tres

329 2397 416 2459 supra
437 2376 517 2438 hunc
541 2398 715 2444 numerum,
737 2397 863 2459 quamm
889 2396 1071 2457 unaquaeque
1095 2376 1185 2456 signis
1209 2386 1335 2458 quatuor

329 2491 459 2541 constare
474 2481 609 2561 potuerit.
625 2480 663 2539 Et
678 2499 747 2538 sane
761 2480 824 2561 ipso
838 2477 894 2538 hoc
913 2477 1017 2538 ordine
1036 2477 1167 2560 procedit
1181 2498 1233 2559 per
1252 2499 1336 2538 voces

328 2587 461 2664 eripressa
472 2581 641 2642 Graecorum
651 2583 824 2642 numeratio.
836 2581 869 2642 Id
881 2601 975 2641 unum
986 2579 1134 2640 notalione
1143 2579 1268 2662 dignum
1279 2593 1335 2648 est,

264 2695 267 2703 '
327 2677 406 2766 quod
422 2684 565 2767 simplices
577 2683 723 2766 myriades
738 2686 849 2745 auctori
860 2684 999 2744 dicuntur
1009 2686 1138 2765 πρώτων
1150 2683 1277 2764 ἀριθμῶν
1287 2705 1336 2760 μυ-

328 2786 433 2868 ριάδες,
449 2787 593 2870 myriades
613 2807 681 2845 vero
694 2787 860 2868 myriadum
874 2786 1017 2869 δευτέρων
1031 2789 1170 2869 ἀριθμάνν,
1186 2796 1216 2845 el
1228 2788 1335 2869 myria-

327 2891 400 2950 dum
414 2891 579 2974 myriadum
594 2890 737 2972 myriades
751 2895 856 2972 τρίτων
874 2895 1008 2973 ἀριθμῶν.
1028 2891 1094 2950 Toti
1114 2909 1239 2950 numero
1258 2909 1335 2950 acce·

326 2994 444 3055 dentem
460 2995 543 3054 stadii
558 2994 728 3076 particulam
744 2993 872 3077 aliquam
893 2993 949 3054 sub
967 3015 1037 3055 voce
1055 2989 1334 3074 τεσσαριυιυάίθὸωυ

326 3098 414 3158 latere
428 3119 515 3158 nemo
530 3117 590 3157 non
605 3097 690 3156 videt.
706 3097 861 3159 Probabile
875 3109 918 3158 est
932 3097 969 3156 ab
984 3098 1048 3178 ipso
1064 3108 1180 3157 auctore
1195 3113 1333 3154 numeros

326 3200 428 3260 litteris
448 3209 561 3259 lantum
582 3199 671 3261 luisse
689 3223 837 3283 expressos
857 3203 889 3260 io
909 3199 1060 3268 hocloco,
1082 3196 1331 3281 quemadmodum

325 3314 395 3364 sunt
410 3305 441 3362 in
461 3302 561 3383 capitis
580 3302 652 3372 fine,
673 3316 702 3363 et
720 3326 737 3364 a
755 3304 876 3366 librario
895 3303 994 3385 aliquo
1014 3302 1090 3363 male
1108 3300 1282 3382 intelligenti
1300 3303 1332 3360 in

325 3427 431 3489 graecas
443 3425 526 3466 voces
538 3405 626 3466 firisse
637 3429 797 3469 conversos.
813 3408 865 3467 His
878 3409 1100 3489 positis,sgraeca
1113 3407 1201 3488 hujus
1216 3407 1332 3464 numeri

325 3509 499 3588 enuntiatio,
522 3507 638 3591 qualem
667 3510 848 3578 minuimus,
877 3507 958 3572 facile
985 3512 1162 3569 convertitur
1189 3508 1332 3589 inaequi-

325 3611 485 3696 pollenlem
507 3611 580 3671 hanc
603 3614 810 3676 recentioribus
831 3615 1001 3674 usitatorum
1022 3615 1172 3694 signorum
1197 3611 1329 3670 seriem:

327 3713 631 3798 2699d10l3317821
645 3723 670 3795 ξ,
689 3717 874 3779 Archimedes
895 3717 1021 3784 contra¹‚
1039 3716 1088 3775 sed
1108 3714 1251 3797 peculiare
1271 3735 1330 3774 om-

360 3857 365 3882 ¹
384 3856 416 3900 De
428 3872 512 3902 mimam
526 3873 604 3903 urente.
