2970 4822
325 425 386 489 128
617 423 816 486 ratonts
835 422 1046 485 SllYllNAEl

323 549 415 614 trinae
433 547 658 636 supplementa
674 549 798 636 quaerit.
814 549 924 614 Primo
940 548 1090 638 quidem,
1110 549 1184 636 quis
1199 548 1280 636 quid
1300 549 1338 614 in

323 685 361 727 ea
377 661 508 726 scientia
524 662 697 735 invenerit,
715 686 753 727 ex
770 685 808 728 eo
824 675 908 728 etex
925 662 1071 728 Eudemo
1087 662 1274 729 brevissime
1286 662 1341 728 do

324 785 389 847 cet,
412 797 472 840 nec
492 774 671 849 verissime,
695 787 731 840 nt
752 777 824 863 jam
846 775 987 841 diximus
1000 774 1023 840 ¹.
1044 775 1171 840 Deinde
1192 774 1340 840 enuntiat

324 911 405 975 quas
416 898 489 954 ante
501 889 609 954 omnia
621 889 852 977 propositiones
866 889 1034 954 admittere
1045 887 1183 953 debeant
1199 899 1341 952 macno-

324 999 381 1065 mi.
393 999 540 1078 Quarum
550 1005 650 1089 prima
659 1013 720 1075 est,
731 1002 894 1067 mundum
904 1023 1025 1074 unum,
1036 999 1167 1064 linitum
1175 1010 1205 1064 et
1214 999 1341 1087 sapien-

324 1110 445 1178 tissime
453 1113 644 1200 dispositum
651 1136 729 1180 esse.
737 1113 886 1188 Secunda,
896 1136 962 1180 non
969 1112 1113 1201 quotidie
1122 1123 1204 1176 astra
1213 1110 1297 1176 mori
1305 1121 1340 1176 et

324 1225 462 1298 renasci,¹
473 1226 530 1291 sed
541 1248 607 1292 esse
619 1238 784 1315 perpetua.
804 1225 906 1292 Tertio
918 1237 980 1299 est,
993 1247 1054 1290 nec
1065 1225 1175 1314 plura,
1189 1245 1249 1290 nec
1260 1246 1340 1311 pau-

324 1337 410 1402 ciora
425 1361 525 1425 quam
537 1350 660 1427 septem
674 1361 741 1404 esse
755 1351 837 1404 astra
849 1338 987 1403 errantia
1001 1362 1010 1404 ι
1022 1360 1122 1424 quam
1134 1335 1339 1425 opinionem,

324 1449 433 1535 longa,
451 1461 487 1514 ut
506 1449 551 1514 ait
571 1451 783 1538 Dercyllides‚
807 1451 1025 1516 observatione
1047 1449 1285 1521 confirmatam,
1306 1458 1341 1512 et

325 1561 534 1649 antiquorum
544 1574 653 1628 tamen
670 1563 835 1628 nonnullis
849 1564 1058 1653 suspectam²,
1074 1562 1266 1650 diligentior,
1284 1583 1340 1626 no-

324 1673 436 1760 visque
446 1675 666 1740 instrumentis
675 1687 708 1740 et
716 1675 902 1764 nuperrime
914 1677 1049 1742 coelestis
1060 1675 1255 1741 mechanicae
1265 1697 1341 1740 vere

325 1785 443 1851 divinis
462 1787 769 1854 considerationibus
790 1788 914 1875 adjuta,
931 1789 1146 1855 recentiorum
1162 1787 1341 1853 obseruatio

326 1897 510 1965 confutavit.
529 1899 643 1979 Quarta
659 1913 722 1974 est,
739 1901 887 1974 Terram,
904 1903 1009 1966 domus
1023 1903 1147 1966 deorum
1158 1900 1280 1989 focum,
1303 1910 1341 1964 ut

325 2011 449 2078 Platoni
470 2012 603 2100 placuit,
621 2013 783 2100 quiescere
801 2024 832 2078 et
848 2025 950 2080 cetera
968 2014 1179 2080 circumeam
1196 2013 1339 2078 moveri:

326 2125 384 2212 qui
393 2149 484 2192 secus
493 2137 699 2200 censuerunt,
712 2147 765 2195 eos
776 2128 983 2201 divinationis,
994 2127 1029 2194 id
1042 2137 1088 2192 est
1098 2126 1342 2214 apotelesmaticaa

326 2238 517 2326 astrologiae,
530 2237 690 2326 principia
703 2241 934 2314 subvertentes,
946 2240 1159 2327 Dercyllides‚
1174 2239 1257 2304 siout
1267 2248 1341 2304 ante

326 2372 403 2415 eum
420 2348 618 2424 Cleanthes³‚
637 2353 865 2418 exsecrabatur.

372 2461 527 2528 Praeterea
545 2462 670 2528 dicebat
690 2474 772 2530 astra
794 2464 932 2530 errantia
951 2465 985 2528 in
1002 2464 1255 2552 longitudinem,
1272 2463 1342 2529 lati-

327 2573 473 2638 tudinem
495 2587 527 2639 et
549 2575 769 2649 altitudinem,
791 2576 981 2651 ordinatim,
1004 2568 1205 2666 aequabiliter
1230 2587 1262 2642 et
1281 2599 1341 2664 per

327 2687 461 2753 circulos
483 2687 574 2763 ferri,
595 2712 654 2756 nec
677 2712 744 2755 esse
764 2713 869 2759 unum
889 2689 1021 2778 cuique,
1046 2713 1195 2756 occasum
1214 2712 1339 2762 versus,

326 2799 497 2887 obliquum
510 2801 749 2888 tardioremque
760 2801 938 2875 inerrante,
954 2813 1097 2875 motum,
1110 2801 1166 2868 sed
1178 2801 1261 2869 duos
1272 2823 1340 2868 esse

367 2987 372 3015 ¹
394 2984 461 3038 Vide
472 2984 553 3056 hujus
567 2983 631 3038 Dias.
646 2995 711 3057 part.
726 2986 764 3047 ll,
779 3004 801 3038 c.
814 3004 862 3049 ιιι,
876 2984 889 3040 S
903 2988 930 3041 3.

365 3082 375 3109 ²
395 3078 528 3132 Philolaus
541 3080 713 3152 pythagoreus
732 3091 758 3133 et
770 3080 888 3152 ejusdem
903 3080 1026 3134 doctrinae
1040 3091 1178 3135 sectatores
1192 3079 1341 3134 errantibus

327 3170 402 3224 astris
414 3169 590 3234 Anticbtbono,
603 3183 648 3225 aut
660 3172 736 3246 plura
750 3173 828 3226 etiam
842 3185 911 3228 astra
924 3174 1063 3229 addebant.
1075 3174 1154 3248 (Vide
1164 3173 1339 3234 Aristotelem,

327 3263 364 3317 De
377 3263 451 3326 culo,
464 3265 503 3328 ll,
521 3265 574 3337 13.)
592 3265 776 3330 Anaximenes,
793 3267 923 3340 Diogenes
940 3268 1118 3343 Apolloniates
1136 3279 1162 3322 et
1179 3267 1341 3342 Anaxagoras

328 3356 360 3412 de
373 3357 491 3412 obscuris
504 3357 650 3412 errantibus
659 3359 739 3413 stellis
749 3360 906 3436 cogitabant.
919 3361 998 3434 (Vide
1007 3361 1101 3415 Stobei
1112 3358 1166 3415 not.
1172 3359 1244 3436 phys.
1254 3362 1278 3423 Ι,
1291 3361 1341 3423 25,

271 3445 272 3452 ¹
326 3449 625 3526 pseudo-Plutarchum,
639 3453 678 3515 ΙΙ,
692 3455 738 3516 ι3;
750 3454 1020 3528 pseudo-origenem,
1030 3475 1052 3509 c.
1063 3473 1103 3512 ιιι
1114 3465 1139 3509 et
1148 3472 1212 3517 vm,
1223 3465 1250 3508 et
1256 3453 1341 3508 Theo·

328 3545 465 3609 doretnm,
481 3543 584 3620 Tbemp.
598 3564 676 3599 serm.
688 3546 746 3618 IV.)

366 3643 376 3671 ³
396 3639 463 3694 Vide
475 3639 660 3702 Plutarchum,
674 3639 786 3713 Desncie
800 3639 825 3692 in
834 3639 891 3694 orie
905 3639 995 3704 Luae,
1008 3662 1031 3696 c.
1042 3661 1079 3698 ιι.
1089 3642 1130 3696 Cs.
1141 3639 1341 3702 Archimedem,

329 3731 442 3786 Arenarii
462 3732 550 3796 initio,
568 3731 753 3796 Plutarchum,
773 3734 862 3798 Quasi.
879 3733 972 3808 pluton.
991 3737 1051 3790 Vlll
1061 3777 1067 3799 ‚
1088 3757 1115 3798 ¹3
1134 3738 1158 3790 J.
1176 3733 1271 3788 Stohaei
1289 3731 1342 3787 net

327 3826 396 3902 phys.
411 3829 436 3888 l,
451 3827 498 3890 ιθ,
512 3845 538 3900 p.
550 3827 605 3886 534
615 3827 753 3891 Haerenii,
767 3838 816 3882 etc.
