3016 4826
364 409 641 474 FRAGMENTA
662 410 991 474 Asruottotttct.
1121 413 1181 476 397

216 536 267 598 tu.
290 536 323 596 ln
340 552 514 596 ιιιιιιιιιιιιτο
528 551 651 604 Qurrtro.
668 531 719 594 ubi
734 530 771 592 de
785 533 966 615 gencentrica
980 533 1117 617 parallati
1137 555 1184 618 pa-

171 660 239 700 rum
258 639 328 698 seito
346 647 493 704 tractetur,
513 635 544 697 id
563 636 706 718 precipue
725 635 889 696 notandum
904 637 996 706 venit,
1010 637 1090 720 quod
1103 658 1181 706 eam.

173 741 321 823 incognita
337 760 432 822 usque
451 759 531 800 nunc
545 737 707 808 locutione,
727 749 810 800 vocat
827 743 862 798 τὸ
880 737 980 798 πλέον
997 745 1044 800 και
1062 739 1184 800 sterion

172 853 225 914 τῆς
244 841 352 918 ὂψεως.
368 841 466 903 locum
480 861 549 902 tero
564 840 652 902 stellae
665 841 808 924 cujusque
825 861 841 902 e
859 839 955 902 Terrae
968 842 1121 926 superlicio
1136 863 1184 926 np-

173 955 323 1030 pareutetn
336 955 418 1005 vocat
432 951 557 1022 eupator
571 944 631 1004 sire
644 945 736 1003 τόπον
748 953 801 1014 τῆς
815 941 925 1018 ὂψεως,
941 954 970 1004 et
983 943 1081 1006 locum
1097 944 1184 1006 stelle

174 1071 190 1110 e
203 1049 299 1110 Terrae
312 1047 490 1110 ceruariae
503 1050 596 1106 τόπον
607 1053 659 1106 τοῦ
674 1044 822 1124 θεμελίου
836 1053 889 1106 τοῦ
903 1045 1033 1128 Μέρος.
1048 1047 1184 1110 Animad-

173 1151 346 1214 vertendum
360 1161 497 1234 praeterea
509 1159 654 1232 quamum
666 1161 743 1210 erret
756 1146 959 1231 Pachyrneree.
971 1150 1024 1232 qui
1036 1147 1184 1212 stellarum

175 1257 206 1314 in
221 1275 338 1316 summo
352 1252 418 1314 coeli
432 1252 537 1312 vertice
551 1251 743 1336 peoteutrioam
761 1249 931 1332 pumiloaim
947 1251 1056 1314 idcireo
1075 1251 1184 1314 nullam

175 1379 237 1420 esse
258 1357 341 1427 dicit,
357 1355 451 1439 quod,
467 1375 536 1437 erga
555 1351 698 1414 circulum
714 1353 746 1413 in
763 1374 824 1438 quo
844 1353 926 1414 atelle
946 1365 1003 1424 est.
1019 1355 1109 1416 Terra
1129 1367 1187 1417 tota

175 1461 213 1521 sit
222 1459 324 1543 puncti
335 1459 441 1519 instar:
453 1479 517 1540 quae
529 1477 630 1526 causa,
645 1458 668 1518 si
681 1477 748 1518 vera
759 1467 847 1526 esset,
859 1455 968 1518 valeret
978 1457 1065 1518 mam
1075 1457 1113 1518 de
1122 1457 1186 1520 stel-

174 1563 210 1624 lis
224 1583 315 1646 prope
330 1561 508 1622 horizontem
523 1562 595 1622 sitis.

213 1666 267 1726 ⁵7.
291 1665 395 1726 Mundi
409 1667 589 1746 inruptionis
599 1661 949 1724 secundumHeraclitum
959 1674 988 1724 et
997 1665 1101 1726 stoicos
1112 1665 1186 1726 mul-

174 1769 209 1829 tis
223 1767 391 1828 auctoribus
406 1765 602 1836 celebrantur,
618 1777 647 1827 et
660 1765 774 1827 dudum
790 1777 893 1828 notum
908 1777 952 1828 ast
966 1765 1035 1828 huic
1049 1767 1187 1830 doctrinar

173 1870 325 1932 accessisse
342 1867 548 1950 astrologicum
563 1865 765 1930 Chaldaeorum
778 1867 786 1898 ¹
802 1867 911 1950 dogma
924 1868 962 1930 de
976 1882 1122 1932 astrorum
1141 1891 1186 1934 er-

173 1973 302 2033 rantium
323 1983 433 2056 septem
452 1972 484 2031 in
503 1991 564 2032 una
582 1969 661 2032 linae
678 1971 892 2054 conjunctionis
912 1968 1028 2032 ellectu.
1050 1971 1109 2034 sad
1132 1972 1187 2036 hoc

1 2101 2 2108 ι
69 2082 72 2088 ’
173 2075 272 2159 ipsum
283 2073 391 2158 dogma
405 2073 443 2135 ad
460 2073 598 2136 Heracliti
616 2073 705 2134 etiam
720 2071 850 2134 scholam
864 2075 1042 2156 pertinuisse
1061 2077 1140 2136 testis
1156 2077 1185 2137 in

175 2195 350 2239 rnaottnrtro
364 2196 454 2238 snxro
468 2189 527 2246 est,
543 2197 603 2236 non
613 2180 711 2259 justus
726 2175 837 2244 forsan,
855 2174 1058 2260 Pachymeres.
1085 2227 1094 2238 ,

218 2279 270 2342 58.
285 2279 329 2340 De
339 2279 473 2348 domibru,
486 2277 672 2340 altitudinibus
681 2277 919 2360 etdejectionilnt‚
929 2299 1003 2362 quas
1013 2279 1086 2349 soli.
1098 2279 1187 2344 Lunae

176 2392 205 2461 et
221 2380 312 2442 stellis
333 2383 465 2464 quinque
486 2381 649 2443 errantibus
671 2379 839 2441 tribuebant
858 2379 1007 2464 astrologi,
1026 2384 1106 2444 testis
1125 2382 1186 2446 ido·

51 2555 54 2560 ·
176 2505 249 2546 neus
268 2496 322 2554 eat,
339 2486 369 2546 in
390 2505 561 2548 ιιιιιιιιιιιιο
579 2505 717 2552 serrum,
734 2483 937 2567 Pachymeres.
953 2487 1007 2546 etsi
1027 2487 1188 2570 astrologiae

175 2588 328 2656 inimicus.
344 2599 452 2650 etcum
467 2587 616 2672 astrologis
628 2587 781 2649 Ptolemaeo
786 2585 806 2656 ².
822 2585 991 2672 Pselloque³
1000 2599 1030 2650 et
1043 2589 1188 2652 Firmino·

177 2689 329 2752 haedere
344 2691 501 2760 consentit,
523 2702 716 2774 preterquam
731 2692 762 2750 in
778 2691 868 2752 Marte
886 2702 916 2750 et
935 2690 1081 2752 Mercurio
1100 2692 1187 2752 aliam

177 2794 265 2854 etiam
285 2792 373 2854 luisse
388 2793 599 2874 astrologorum
617 2791 827 2853 nonnullorum
843 2793 1013 2876 opinionem
1029 2807 1134 2856 narrat.
1154 2795 1187 2856 ln

179 2896 235 2956 hoo
246 2907 344 2957 autem
355 2909 446 2965 errat,
458 2897 553 2979 quod,
563 2917 658 2979 quum
673 2896 813 2974 ὑψώματα
827 2909 856 2958 et
869 2900 1070 2974 ταπεινώματα
1084 2899 1186 2980 ipsein

176 2999 340 3081 fragmento
360 3001 443 3060 tertio
458 2997 647 3080 appellaverit
665 3020 767 3084 apopea
782 3009 811 3060 et
826 2999 951 3082 paripate,
967 3011 996 3059 et
1010 3001 1039 3058 in
1055 3003 1187 3082 praesenti

176 3100 342 3184 fragmento
360 3101 499 3178 ὑψώματα
517 3103 605 3162 etiem
623 3102 769 3162 nominari
784 3101 862 3162 dicat
877 3104 1013 3162 transitus
1033 3123 1084 3186 per
1104 3105 1189 3165 meri-

178 3205 300 3264 dianum
322 3203 466 3265 circulum
488 3215 518 3264 et
539 3209 740 3282 ταπεινώματα
760 3205 898 3265 transitus
921 3225 973 3288 per
994 3204 1188 3274 horizontem,

178 3316 304 3366 statuere
319 3327 379 3366 non
393 3305 510 3366 dubitat
525 3306 657 3367 similiter
671 3307 709 3367 ad
723 3307 889 3368 distantiam
906 3329 922 3367 a
937 3319 1037 3370 centro
1051 3309 1147 3368 Terre
1161 3320 1190 3368 et

178 3408 267 3470 simul
281 3409 318 3470 ad
334 3409 422 3468 situm
438 3429 506 3490 erga
521 3409 698 3470 horizontem
714 3409 812 3494 aliquo
828 3410 915 3472 modo
931 3424 1059 3494 spectare
1073 3410 1190 3472 astrolo-

215 3584 219 3609 ¹
239 3580 298 3632 Vide
311 3582 432 3639 Senecam,
447 3585 527 3642 Quart.
539 3593 585 3634 not.
598 3586 643 3641 tlt.
658 3603 722 3642 rxrx,
734 3586 745 3633 S
759 3589 778 3634 l.
871 3623 878 3636 ,

215 3668 223 3692 ²
241 3664 384 3732 Quadripert.
400 3668 421 3723 l,
434 3683 461 3716 rt
472 3676 495 3716 et
508 3685 562 3717 rvrr.

211 3753 220 3777 ³
236 3751 270 3798 De
279 3749 437 3800 mathematicis
447 3750 555 3809 scientiis,
569 3771 593 3820 p.
607 3772 646 3818 97.
658 3753 763 3811 Basileia,
780 3758 854 3812 rest,
867 3756 942 3804 ίιι-ια.

213 3836 222 3861 ⁴
238 3835 324 3882 Astron.
339 3835 372 3890 ll.
385 3852 425 3891 ur,
441 3854 463 3902 p.
481 3855 516 3899 ¹7·
639 3881 647 3894 ,
