3016 4826
309 428 411 525 Ιὂὸἱι
517 427 521 435 “
635 427 764 487 NOTAE
788 429 830 487 IN
852 427 1069 489 ΤΗΕΟΝΕΜ

347 549 432 608 nium
445 559 555 608 centro.
571 549 716 610 Saturnus
731 569 814 632 ergo,
829 551 913 632 eujus
928 551 989 609 veri
1007 551 1083 611 cirea
1100 549 1200 612 sotem
1219 553 1357 612 circuitus

348 652 424 710 limes
439 650 578 718 bomalis¹.
594 673 655 711 non
667 651 794 712 multum
810 652 847 712 ab
861 651 994 734 ecliptico
1007 651 1132 721 distans,
1147 653 1273 715 Platonis
1288 665 1358 714 tem·

349 773 420 834 porc
432 763 495 813 erat
506 752 594 836 paulo
609 753 686 814 ultra
701 756 838 816 autumni
849 755 1050 838 aequinoctiale
1061 768 1220 837 punctum,
1235 756 1358 817 minime

346 857 482 922 omnium
496 855 534 916 ab
545 857 742 939 aequinoctiali
754 857 866 918 circulo
885 857 1060 918 discedebat
1079 858 1203 942 Jupiter,
1220 861 1307 942 cnjus
1326 859 1358 918 li·

347 979 410 1018 mes
430 957 553 1019 borealis
566 970 631 1018 erat
643 959 732 1041 paulo
747 971 815 1018 ante
828 960 958 1042 Virginis
973 959 1080 1028 finem,
1094 971 1125 1020 ct
1138 964 1224 1044 cujus
1237 983 1255 1021 e
1268 961 1358 1021 Terra

346 1083 489 1145 apparens
498 1064 529 1122 in
542 1062 729 1123 latitudinem
741 1075 839 1124 motus
853 1083 912 1122 uon
924 1061 1000 1122 ultra
1011 1062 1119 1144 gradus
1132 1075 1190 1124 tres
1206 1063 1357 1147 pertingit,

345 1165 383 1225 ab
401 1165 595 1248 equinoctiali
612 1165 781 1226 discedebat
800 1166 900 1226 minus
919 1187 1011 1248 quam
1031 1166 1122 1234 tim,
1135 1168 1189 1249 qui
1208 1187 1303 1249 usque
1322 1167 1359 1226 ad

344 1269 454 1348 gradus
474 1279 587 1350 septem
601 1253 639 1328 ab
653 1267 789 1352 ecliptico
810 1289 1026 1350 nonnunquam
1045 1268 1194 1329 discedere
1212 1267 1357 1335 videtur¹.

229 1429 233 1441 x
345 1382 374 1430 et
393 1372 477 1454 cujus
495 1371 580 1432 limes
599 1370 812 1432 borealistunc
830 1371 943 1432 eratin
962 1370 1080 1436 Leonis,
1088 1369 1185 1437 initio;
1205 1392 1242 1432 ac
1258 1373 1359 1432 minus

344 1473 434 1532 etiam
446 1493 536 1555 quam
547 1475 647 1543 Luna,
661 1477 746 1557 cujus
758 1473 842 1534 limes
853 1472 978 1534 borealis
994 1474 1093 1556 paucis
1109 1475 1193 1534 annis
1207 1472 1359 1534 zodiacum

346 1586 440 1634 totum
455 1578 615 1657 percurrit,
630 1589 659 1636 et
673 1580 758 1660 cujus
773 1579 906 1638 maxime
920 1577 951 1636 in
965 1576 1152 1637 latitudinem
1164 1577 1358 1657 digressiones

321 1725 326 1734 .
345 1688 415 1736 sunt
428 1677 488 1736 fere
505 1678 534 1737 5⁰
550 1676 591 1760 9'.
608 1679 724 1744 Venus.
741 1682 826 1762 eujus
840 1679 924 1739 limes
939 1679 1063 1740 borealis
1078 1700 1095 1738 e
1109 1677 1177 1738 Sole
1192 1680 1271 1738 visus
1286 1689 1358 1739 tune

343 1780 796 1862 erateireavigesimumsextum
805 1781 1057 1864 leonisgradum.
1070 1783 1358 1870 s'ed.proannitem-
1457 1845 1462 1852 ,

346 1893 468 1962 pestate.
480 1882 511 1941 in
522 1883 609 1944 variis
618 1883 727 1944 zodiaci
738 1884 829 1964 signis
840 1884 924 1944 nobis
938 1885 1053 1943 eTerra
1064 1883 1261 1965 spectantibus
1269 1905 1358 1966 appa·

345 1997 401 2053 ret,
410 1997 439 2046 et
448 2007 513 2068 que
522 1985 590 2046 inde
601 1985 801 2068 spectantibus
811 1985 851 2045 ad
861 2006 966 2046 novem
977 2007 1072 2069 nsque
1081 1985 1189 2068 gradus
1195 1984 1358 2068 aliquando

344 2087 382 2148 ab
396 2087 529 2170 ecliptico
545 2087 654 2148 circulo
668 2087 783 2170 digredi
797 2086 939 2156 videtur³.
956 2088 1117 2148 errantium
1133 2099 1280 2148 astrorum
1293 2110 1358 2150 cm·

345 2191 427 2250 nium
445 2192 572 2250 maxime
592 2191 629 2251 ab
648 2190 842 2274 aequinoctiali
863 2189 973 2252 circulo
995 2191 1072 2252 ultra
1094 2191 1219 2273 tropicos
1242 2190 1359 2252 videtur
1391 2187 1393 2200 '

342 2293 489 2353 excedere.
506 2295 550 2354 De
562 2293 608 2352 his
621 2315 689 2377 ergo
701 2315 767 2353 vera
782 2294 853 2353 dixit
865 2295 961 2362 utana
975 2293 1077 2355 cedde
1090 2294 1193 2354 ceteris
1204 2313 1263 2354 non
1275 2293 1356 2354 item.

346 2397 422 2456 Mars
442 2398 538 2466 enim,
561 2399 612 2479 qui
635 2398 724 2480 paulo
741 2399 861 2481 quidem
882 2398 976 2480 magis
999 2396 1171 2479 aliquando,
1191 2417 1282 2479 quarn
1301 2419 1358 2457 un·

344 2519 435 2579 quam
449 2500 545 2567 Luna.
561 2500 599 2560 ab
617 2500 750 2582 ecliptico
768 2499 920 2561 discedere
939 2500 1065 2574 videtur,
1083 2501 1168 2582 cujus
1186 2519 1253 2560 vem
1271 2497 1358 2560 limes

346 2601 469 2662 borealis
486 2603 537 2662 33ο
550 2602 610 2663 fere
628 2603 664 2664 ab
676 2605 774 2664 aestivo
787 2604 908 2664 solstitio
923 2601 1051 2662 Platonis
1070 2614 1201 2683 tempore
1215 2601 1357 2669 distabat.

345 2703 433 2784 paulo
445 2704 567 2772 sninuss
576 2727 666 2787 quam
681 2727 776 2788 quum
790 2707 916 2766 maxime
929 2705 1025 2786 Luna.
1042 2704 1078 2765 ab
1092 2703 1286 2786 aequinoctiali
1300 2705 1358 2764 cir·

345 2806 412 2866 culo
427 2807 580 2868 abscedere
594 2808 755 2868 videbatur.
772 2807 830 2869 Sed
843 2808 1004 2890 presertim
1017 2806 1194 2874 Mercurius.
1210 2807 1263 2888 qui
1281 2828 1359 2890 saepe

1322 2910 1329 2924 Ο

1347 2945 1357 2954 ι

346 2908 475 2970 muitum
487 2912 611 2993 tropicos
623 2911 747 2978 excedit,
760 2911 859 2971 nunus
871 2931 962 2992 quam
974 2909 1025 2970 sot
1038 2908 1282 2992 abequinoctiati
1296 2908 1344 2969 dis

345 3013 447 3074 cedere
460 3013 536 3102 salso
547 3013 660 3074 Platoni
676 3013 804 3074 creditus
820 3023 871 3072 est
889 3011 982 3090 Multo
995 3012 1083 3072 etiam
1098 3013 1192 3094 major
1207 3011 1280 3072 foret
1292 3011 1357 3072 Pta-

345 3117 420 3176 tonis
438 3119 573 3186 erronei
593 3138 662 3176 eum
681 3114 833 3184 manet,
854 3115 899 3176 vel
919 3114 1053 3182 Adrasto,
1072 3113 1192 3174 credere
1210 3125 1360 3196 oporteret

344 3219 400 3280 iusi
414 3221 526 3302 virgam
540 3239 604 3280 esse
618 3229 716 3278 motus
732 3219 861 3285 erratici.
876 3217 908 3276 id
922 3228 965 3276 est
984 3215 1110 3298 ecliptici
1128 3199 1246 3284 circuli,
1261 3237 1356 3276 axem.

341 3322 419 3383 Tum
431 3325 511 3382 enim
523 3321 596 3382 date
608 3343 628 3380 a
638 3319 756 3382 Platone
768 3341 907 3382 zonarum
918 3317 1086 3380 latitudines
1097 3340 1132 3380 ex
1145 3330 1281 3401 utraque,
1295 3339 1357 3380 non

379 3515 383 3540 ¹
403 3513 506 3564 Errantis
516 3513 589 3564 stellae
601 3513 662 3563 times
673 3514 765 3564 borealis
775 3524 798 3564 et
808 3513 868 3562 times
877 3511 980 3562 castatis
989 3511 1099 3561 dicuntur
1108 3511 1152 3560 loci
1162 3510 1186 3559 in
1197 3509 1283 3576 quibus
1290 3507 1358 3560 stella

343 3599 375 3646 ab
385 3597 490 3664 ecliptico
500 3596 594 3646 boream
607 3607 631 3646 et
640 3607 743 3648 austrum
755 3616 833 3648 versus
845 3597 941 3647 maxime
951 3596 1030 3645 distat.

378 3685 387 3709 ²
404 3681 463 3732 Vide
473 3679 533 3730 Dies.
546 3691 629 3731 nostrae
641 3693 702 3749 part.
717 3685 751 3738 11.
765 3701 786 3732 c.
801 3700 836 3738 ss,
852 3682 862 3728 S
874 3685 898 3730 8.

271 3817 273 3826 Ι
381 3763 464 3814 ³Vide
476 3763 537 3814 Dies.
551 3775 610 3832 part.
624 3768 688 3823 ll‚c.
700 3785 736 3823 iv,
751 3767 795 3816 58.

377 3850 389 3877 ⁴
405 3851 492 3897 Astron.
507 3867 527 3897 c.
537 3867 602 3899 xxsn.
613 3850 650 3899 Cf.
664 3849 723 3900 Diis.
734 3860 794 3916 part.
805 3853 839 3905 11,
848 3869 869 3899 c.
881 3850 942 3906 nni
957 3853 993 3898 15.
