2992 4822
323 433 363 494 38
619 429 812 493 Tflnottls
831 427 1039 493 SMYRNAEI

322 553 1332 643 monemus,atquem,quaeopusessevisumest,intubulab,

321 668 399 734 huic
410 667 543 734 editioni
554 689 690 744 unnem,
704 667 895 736 delineanda
909 668 1102 735 curavimus.
1115 669 1152 734 ln
1168 669 1277 736 nbula
1287 669 1332 741 A,

322 780 466 848 locorum
481 779 517 846 in
534 781 641 848 codice
656 782 795 848 menime
813 793 1036 870 corruptorum
1048 791 1095 846 est
1109 792 1256 847 accurate
1270 781 1334 846 effi·

322 891 387 978 gies
407 917 416 955 :x
436 891 522 960 unde
537 893 633 960 etism
651 893 771 960 librarii
789 893 944 982 scripturn
960 893 1105 982 cognosci
1122 893 1245 980 poterit.

620 1155 624 1162 ,
713 1097 855 1160 CAPUT
877 1099 930 1158 IV.

568 1257 604 1295 DE
629 1257 721 1298 HUJUS
744 1257 892 1300 EDI'HONIS
916 1255 1079 1298 tustinum.

619 1421 623 1428 ·
664 1385 671 1399 “
797 1411 809 1467 s
832 1417 856 1468 1.

370 1562 477 1642 Quem
493 1564 739 1634 difficitcsuerit
753 1566 840 1632 hunc
860 1567 981 1632 librum
997 1565 1205 1634 emendatum
1221 1565 1335 1640 edere,

324 1700 362 1744 eu
375 1677 444 1764 ipsa
459 1677 577 1746 codicis
592 1678 802 1767 descriptione
818 1679 935 1767 liquet,
954 1690 985 1744 et
1000 1678 1104 1746 multo
1115 1677 1249 1767 megine
1264 1699 1336 1765 pra·

324 1801 437 1856 v'erum
446 1789 946 1881 codicislectionuminspectione
954 1793 1100 1860 elucebit.
1107 1792 1219 1872 Quum
1226 1802 1336 1856 tumen

325 1903 366 1970 ud
386 1903 421 1970 id
442 1925 523 1992 opus
539 1901 747 1971 Astronomiae
770 1906 922 1993 untiquae,
941 1906 1034 1993 cujus
1056 1927 1143 1970 nunc
1165 1903 1337 1973 scribimus

325 2015 510 2090 historiam,
518 2017 671 2084 diuturno
682 2018 932 2087 studiouccincti
944 2018 1182 2090 devenerimus,
1195 2015 1338 2084 vidimus

326 2141 390 2196 n‘on
401 2129 476 2202 ,sine
496 2129 627 2218 gaudio,
646 2153 842 2218 quemquem
863 2131 1060 2197 obstantibus
1079 2141 1125 2196 tot
1146 2127 1272 2194 mendis
1291 2127 1337 2192 ls-

326 2243 498 2330 cunisque‚
517 2264 607 2329 posse
624 2243 764 2311 Theonis
780 2243 1026 2310 astronomicum
1043 2265 1124 2330 opus
1143 2253 1227 2308 certe
1243 2251 1275 2306 et
1293 2240 1339 2304 in-

326 2354 470 2422 dubitate
481 2353 602 2422 ratione
612 2378 630 2420 a
642 2355 800 2444 principio
812 2355 853 2423 nd
865 2356 964 2424 finem
976 2356 1125 2443 intelligi,
1138 2353 1256 2422 mendo
1270 2375 1339 2418 nor-

327 2465 386 2554 rigi
402 2476 437 2531 et
456 2465 585 2532 lacunas
601 2467 769 2555 complen',
785 2468 831 2533 itu
849 2477 903 2540 ut,
920 2467 947 2532 si
963 2467 1017 2532 bic
1036 2466 1103 2534 illic
1118 2466 1159 2532 de
1175 2487 1251 2532 voce
1271 2487 1339 2530 unu

327 2578 511 2652 aut-altero,
528 2589 658 2644 atcerte
675 2600 843 2666 nunquam
861 2579 901 2646 de
918 2579 1053 2645 auctoris
1070 2578 1227 2644 sententia
1243 2576 1339 2644 dubi-

319 2689 403 2760 intio
416 2690 563 2778 supersit.

374 2803 443 2869 Non
463 2825 536 2890 eigo
552 2803 587 2868 id
603 2803 696 2873 nobis
711 2801 772 2868 fuit
793 2805 1006 2890 propositum,
1026 2815 1075 2876 ut,
1095 2803 1206 2890 quales
1225 2801 1340 2866 multae

220 2914 221 2918 ’
328 2914 467 2980 existunt
479 2936 654 3001 grecorum
671 2926 839 2980 auctorum
856 2916 1011 2983 editiones
1026 2917 1203 3005 principes,
1221 2914 1342 2982 codicis

204 3085 206 3095 ,
328 3027 425 3092 unius
447 3037 503 3096 aut
521 3027 652 3092 ulterius
676 3025 795 3095 menda
809 3030 975 3095 omniu‘in
995 3031 1064 3118 ipso
1085 3027 1342 3115 textureligiose

329 3149 450 3206 servata
465 3139 665 3214 exhibentes,
679 3139 779 3205 telem
795 3137 934 3208 Theonis
953 3143 1148 3208 Asuunomin
1164 3141 1342 3212 editionem

329 3273 525 3320 curaremus.
549 3245 613 3317 Sed
636 3263 749 3318 tentum
769 3258 946 3341 suscepimus
965 3257 1183 3320 emendandum
1202 3252 1342 3341 suppleo-

330 3365 471 3450 dnmqoe‚
488 3374 649 3451 quatenus
664 3361 852 3450 fieti-putuit
867 3379 902 3432 et·
914 3368 1068 3456 oportuits
1087 3367 1131 3432 its
1146 3377 1271 3436 tumen,-
1288 3374 1340 3436 ut,

331 3475 411 3561 quid
427 3474 468 3540 sit
484 3475 519 3540 in
537 3474 660 3547 codice,
679 3474 799 3562 ubique
815 3477 910 3545 lector
927 3480 1161 3546 accuratissime
1178 3479 1339 3544 docentur.

331 3587 458 3654 Codicis
479 3610 559 3674 ergo
575 3587 693 3656 menda
718 3590 824 3655 omnin
846 3591 919 3658 imis
943 3593 1171 3684 adscripsimus
1193 3588 1342 3656 editionis

331 3711 448 3770 nostrae
464 3700 602 3788 paginis,
621 3712 655 3765 et
669 3723 710 3784 ne
722 3701 856 3770 minima
868 3706 1001 3793 quidem
1017 3703 1291 3794 pretermisimus,
1305 3701 1341 3765 in

332 3813 451 3901 quibus
469 3837 486 3878 a
503 3813 620 3880 codicis
636 3814 769 3881 lectione
781 3819 996 3886 recedendum
1009 3818 1079 3886 suit.
1092 3819 1172 3896 Quae
1183 3817 1217 3882 in
1233 3813 1343 3882 codice
