2958 4824
488 436 544 500 DE
566 437 867 502 ASTRONOMIA.
1126 441 1181 508 181

169 567 346 646 moment,
375 565 431 636 alii
456 567 649 660 vespertini.
678 563 865 636 Matutinus
892 577 943 634 est
968 569 1183 648 0151111111,

170 709 296 781 quum,
311 683 441 780 fugiens
456 685 543 758 Solis
553 685 682 766 radios,
695 699 773 756 ante
784 687 898 781 ipsum
910 689 1024 757 oriens
1033 689 1186 782 primum

169 809 333 890 cernitur,
350 807 645 904 quemadmodum
661 807 786 878 dicitru
800 808 971 880 Cuniculae
987 823 1092 882 ortus.
1107 809 1187 882 Vee

169 932 325 1022 perticus
337 954 433 1011 vero,
449 955 557 1025 quum
572 943 648 1024 post
659 929 746 1002 Solis
756 953 914 1002 occasum
926 933 1076 1024 primum
1087 955 1186 1027 eppa·

168 1063 225 1122 ret
241 1065 384 1132 astrum,
406 1049 701 1146 quemadmodum
717 1075 834 1120 mense
850 1073 940 1120 novo
955 1051 1089 1122 Lucem
1104 1054 1186 1122 oriri

170 1171 327 1243 dicimus.
339 1173 504 1244 Similiter
515 1197 652 1244 occasus
661 1173 819 1242 matutini
831 1184 924 1252 sunt,
935 1193 1046 1266 quum
1058 1186 1186 1244 esuum

171 1293 267 1389 quod
294 1292 569 1391 prueceden-tibus
597 1293 717 1364 diebus
747 1307 824 1364 ante
853 1291 970 1364 Solem
996 1293 1185 1378 oriebatur,

172 1415 253 1486 Sole
281 1415 324 1486 ad
352 1419 466 1510 ipsum
490 1413 690 1496 accedente,
718 1413 842 1484 desinit
858 1411 985 1495 videri,
1011 1427 1050 1486 ut
1071 1415 1187 1500 Lune3

172 1539 373 1632 vespertini,
389 1561 499 1634 quum
513 1539 666 1630 primum
684 1535 853 1606 occidenti
869 1549 959 1608 astro
974 1535 1033 1607 Sot
1047 1541 1191 1634 propior

171 1656 278 1730 facture
295 1671 437 1754 propter
450 1656 563 1728 radios
584 1655 687 1728 efficit
703 1671 743 1726 ut
758 1655 882 1728 viderit
896 1671 1054 1754 nequeat.

592 1868 765 1926 [11111111]

348 1984 389 2032 DE
408 1981 632 2032 unnertconuu
650 1981 817 2031 Asruonun
835 1981 1010 2032 Postrtottss.

224 2143 1188 2240 Positionemordinemquesecundumlocossphaerarum

173 2278 233 2334 aut
254 2267 476 2348 circulorum,
499 2269 535 2336 in
558 2256 692 2364 quibus
705 2269 766 2336 sita
789 2263 1078 2338 circunderuntur
1102 2279 1188 2339 astra

175 2391 336 2469 errantia,
358 2388 645 2484 pythagoreorum
668 2386 809 2484 quidam
829 2387 933 2460 telem
952 2413 1022 2460 esse
1042 2402 1188 2483 putant:
1280 2427 1284 2438 ¹

208 2521 229 2553 ²¹
250 2525 284 2585 ln
300 2525 399 2586 codice
414 2537 456 2586 est
470 2529 626 2602 ἀφανισθῇ.

209 2625 230 2658 ¹³
252 2628 286 2688 In
301 2629 402 2689 codiee
416 2633 540 2712 ἑσπέρια
555 2629 635 2709 (sio).

208 2730 229 2762 ¹⁸
251 2731 285 2794 ln
300 2733 399 2794 codice
412 2740 541 2815 supinos.
557 2731 630 2794 Vide
645 2731 752 2792 Notum
765 2749 792 2792 u.

209 2835 230 2866 ¹³
251 2837 285 2898 ln
303 2837 404 2899 codice
421 2837 530 2920 iegitur
550 2839 642 2917 αὐτῷ,
665 2835 752 2897 mele.
775 2833 834 2896 Sed
852 2835 963 2896 ibidem
982 2847 1060 2897 recto
1083 2834 1190 2918 legitur

174 2943 284 3017 ἀφανὲς
297 2951 447 3002 neutrum.
462 2939 566 2999 Merito
579 2957 649 3021 ergo
661 2951 765 3000 neutra
782 2959 837 3021 pro
854 2937 1024 2998 masculinis
1039 2959 1128 3022 supra
1145 2955 1189 3000 re·

173 3043 336 3124 posuimus.
353 3041 521 3105 Chalcidius
534 3039 598 3123 (fot.
618 3043 657 3104 15
670 3043 685 3102 b
699 3041 845 3111 ducendi,
859 3061 887 3126 p.
906 3041 964 3103 155
980 3041 1114 3122 Meursii)
1129 3061 1194 3104 ven.

176 3145 211 3204 tit
223 3170 231 3203 t
244 3167 303 3208 eum
316 3145 455 3227 (stellam)
470 3167 579 3206 corusco
591 3143 730 3226 splendore
743 3143 841 3206 constit.
904 3143 905 3150 '
1164 3172 1167 3182 ·

212 3246 232 3278 ¹⁸
254 3247 287 3308 In
302 3246 402 3311 codice
415 3249 592 3320 καταοῦήση.

212 3350 231 3382 ¹'
252 3353 286 3412 lu
300 3354 402 3414 codice
414 3363 465 3436 τῷ.

211 3451 233 3485 ¹⁸
254 3455 288 3516 111
303 3457 402 3518 codice
418 3461 497 3536 perd.

198 3555 231 3602 ··¹’
252 3559 286 3620 In
301 3559 402 3621 codice
412 3561 492 3621 deest
502 3565 530 3634 d·
539 3562 598 3624 Sed
607 3564 674 3626 vide
681 3565 801 3626 titulum
813 3565 914 3649 cupitis
925 3585 1008 3626 xxru.
1022 3562 1191 3627 Chalcidius

180 3661 243 3742 (sol.
260 3663 299 3724 15
314 3664 332 3724 d
347 3661 491 3732 Ascensii.
504 3688 532 3748 p.
551 3667 609 3730 155
620 3668 754 3750 Meursii)
775 3671 878 3731 vertit:
895 3669 1036 3756 qloborom
1053 3669 1189 3730 ueletiam

175 3763 291 3826 ortium.
415 3785 417 3793 ⁴
1061 3771 1063 3776 '

209 3867 229 3898 ’⁰
250 3871 283 3930 ln
298 3870 400 3934 codice
413 3872 539 3935 τοιῶνδε.
555 3873 723 3937 Chalcidius
740 3875 802 3954 (fol.
823 3875 863 3936 15
884 3874 899 3934 b
919 3873 1063 3941 decentii,
1081 3893 1110 3954 p.
1132 3869 1189 3932 155
