<?xml version="1.0" encoding="UTF-8"?>
<!DOCTYPE html PUBLIC "-//W3C//DTD XHTML 1.0 Transitional//EN"
    "http://www.w3.org/TR/xhtml1/DTD/xhtml1-transitional.dtd">
<html xmlns="http://www.w3.org/1999/xhtml" xml:lang="en" lang="en">
 <head>
  <title>
</title>
<meta http-equiv="Content-Type" content="text/html;charset=utf-8" />
  <meta name='ocr-system' content='tesseract 3.04.00' />
  <meta name='ocr-capabilities' content='ocr_page ocr_carea ocr_par ocr_line ocrx_word'/>
</head>
<body>
  <div class='ocr_page' id='page_1' title='image "./theonissmyrnaei00calcgoog_0221.png"; bbox 0 0 2958 4824; ppageno 0'>
   <div class='ocr_carea' id='block_1_1' title="bbox 481 387 1174 455">
    <p class='ocr_par' dir='ltr' id='par_1_1' title="bbox 481 387 1174 455">
     <span class='ocr_line' id='line_1_1' title="bbox 481 387 1174 455; baseline -0.004 0"><span class='ocrx_word' id='word_1_1' title='bbox 481 393 538 454; x_wconf 79' lang='lat' dir='ltr'>DE</span> <span class='ocrx_word' id='word_1_2' title='bbox 559 391 861 455; x_wconf 75' lang='lat' dir='ltr'>asrnonottla</span> <span class='ocrx_word' id='word_1_3' title='bbox 1114 387 1174 452; x_wconf 69' lang='lat'>2⁰2</span> 
     </span>
    </p>
   </div>
   <div class='ocr_carea' id='block_1_2' title="bbox 376 587 962 761">
    <p class='ocr_par' dir='ltr' id='par_1_2' title="bbox 376 587 962 761">
     <span class='ocr_line' id='line_1_2' title="bbox 579 587 761 644; baseline 0.005 -14"><span class='ocrx_word' id='word_1_4' title='bbox 579 587 679 644; x_wconf 79' lang='lat' dir='ltr'>[carun</span> <span class='ocrx_word' id='word_1_5' title='bbox 695 587 761 644; x_wconf 73' lang='lat' dir='ltr'>nn]</span> 
     </span>
     <span class='ocr_line' id='line_1_3' title="bbox 376 701 962 761; baseline -0.002 -11"><span class='ocrx_word' id='word_1_6' title='bbox 376 701 452 761; x_wconf 80' lang='lat' dir='ltr'>Qun)</span> <span class='ocrx_word' id='word_1_7' title='bbox 469 701 516 750; x_wconf 77' lang='lat' dir='ltr'>SIT</span> <span class='ocrx_word' id='word_1_8' title='bbox 535 702 575 750; x_wconf 77' lang='lat' dir='ltr'>AD</span> <span class='ocrx_word' id='word_1_9' title='bbox 593 701 831 751; x_wconf 76' lang='lat' dir='ltr'>anrncnonltrla</span> <span class='ocrx_word' id='word_1_10' title='bbox 848 701 962 750; x_wconf 82' lang='lat' dir='ltr'>MOTUS.</span> 
     </span>
    </p>
   </div>
   <div class='ocr_carea' id='block_1_3' title="bbox 166 844 1178 1182">
    <p class='ocr_par' dir='ltr' id='par_1_3' title="bbox 166 844 1178 1182">
     <span class='ocr_line' id='line_1_4' title="bbox 218 844 1178 940; baseline -0.004 -22"><span class='ocrx_word' id='word_1_11' title='bbox 218 846 325 918; x_wconf 78' lang='lat' dir='ltr'>Motus</span> <span class='ocrx_word' id='word_1_12' title='bbox 343 844 384 915; x_wconf 82' lang='lat' dir='ltr'>ad</span> <span class='ocrx_word' id='word_1_13' title='bbox 401 845 614 916; x_wconf 81' lang='lat' dir='ltr'><em>antecedentia</em></span> <span class='ocrx_word' id='word_1_14' title='bbox 637 860 686 916; x_wconf 87' lang='lat' dir='ltr'>est</span> <span class='ocrx_word' id='word_1_15' title='bbox 708 848 836 940; x_wconf 85' lang='lat' dir='ltr'>species</span> <span class='ocrx_word' id='word_1_16' title='bbox 855 847 986 914; x_wconf 84' lang='lat' dir='ltr'>erratici</span> <span class='ocrx_word' id='word_1_17' title='bbox 1010 847 1086 914; x_wconf 88' lang='lat' dir='ltr'>astri</span> <span class='ocrx_word' id='word_1_18' title='bbox 1109 859 1178 914; x_wconf 83' lang='lat' dir='ltr'>tan-</span> 
     </span>
     <span class='ocr_line' id='line_1_5' title="bbox 166 945 1178 1064; baseline 0 -29"><span class='ocrx_word' id='word_1_19' title='bbox 166 981 270 1064; x_wconf 84' lang='lat' dir='ltr'><strong>quam</strong></span> <span class='ocrx_word' id='word_1_20' title='bbox 286 965 327 1036; x_wconf 90' lang='lat' dir='ltr'>ad</span> <span class='ocrx_word' id='word_1_21' title='bbox 341 945 576 1037; x_wconf 80' lang='lat' dir='ltr'>antecedentia</span> <span class='ocrx_word' id='word_1_22' title='bbox 590 969 683 1062; x_wconf 82' lang='lat' dir='ltr'>signa</span> <span class='ocrx_word' id='word_1_23' title='bbox 696 965 911 1036; x_wconf 84' lang='lat' dir='ltr'>occidentem</span> <span class='ocrx_word' id='word_1_24' title='bbox 923 989 1038 1036; x_wconf 90' lang='lat' dir='ltr'>versus</span> <span class='ocrx_word' id='word_1_25' title='bbox 1054 965 1178 1036; x_wconf 88' lang='lat' dir='ltr'>abeun-</span> 
     </span>
     <span class='ocr_line' id='line_1_6' title="bbox 166 1085 952 1182; baseline -0.001 -25"><span class='ocrx_word' id='word_1_26' title='bbox 166 1091 223 1169; x_wconf 87' lang='lat' dir='ltr'>tis,</span> <span class='ocrx_word' id='word_1_27' title='bbox 245 1089 390 1182; x_wconf 82' lang='lat' dir='ltr'>exempli</span> <span class='ocrx_word' id='word_1_28' title='bbox 409 1113 509 1158; x_wconf 88' lang='lat' dir='ltr'>causa</span> <span class='ocrx_word' id='word_1_29' title='bbox 528 1113 547 1156; x_wconf 89' lang='lat' dir='ltr'>a</span> <span class='ocrx_word' id='word_1_30' title='bbox 564 1087 698 1158; x_wconf 80' lang='lat' dir='ltr'>Cancro</span> <span class='ocrx_word' id='word_1_31' title='bbox 717 1085 759 1156; x_wconf 94' lang='lat' dir='ltr'>ad</span> <span class='ocrx_word' id='word_1_32' title='bbox 777 1085 952 1156; x_wconf 87' lang='lat' dir='ltr'>Geminos.</span> 
     </span>
    </p>
   </div>
   <div class='ocr_carea' id='block_1_4' title="bbox 534 1277 811 1453">
    <p class='ocr_par' dir='ltr' id='par_1_4' title="bbox 534 1277 811 1453">
     <span class='ocr_line' id='line_1_7' title="bbox 586 1277 758 1338; baseline -0.012 -14"><span class='ocrx_word' id='word_1_33' title='bbox 586 1279 686 1337; x_wconf 74' lang='lat' dir='ltr'>[orror</span> <span class='ocrx_word' id='word_1_34' title='bbox 700 1277 758 1338; x_wconf 68' lang='lat' dir='ltr'>xa]</span> 
     </span>
     <span class='ocr_line' id='line_1_8' title="bbox 534 1391 811 1453; baseline -0.004 -11"><span class='ocrx_word' id='word_1_35' title='bbox 534 1391 611 1453; x_wconf 74' lang='lat' dir='ltr'>onio</span> <span class='ocrx_word' id='word_1_36' title='bbox 629 1395 677 1444; x_wconf 82' lang='lat' dir='ltr'>str</span> <span class='ocrx_word' id='word_1_37' title='bbox 694 1392 811 1443; x_wconf 80' lang='lat' dir='ltr'>srarm.</span> 
     </span>
    </p>
   </div>
   <div class='ocr_carea' id='block_1_5' title="bbox 167 1533 1181 1756">
    <p class='ocr_par' dir='ltr' id='par_1_5' title="bbox 167 1533 1181 1756">
     <span class='ocr_line' id='line_1_9' title="bbox 219 1533 1181 1632; baseline -0.002 -26"><span class='ocrx_word' id='word_1_38' title='bbox 219 1537 319 1608; x_wconf 84' lang='lat' dir='ltr'>Statio</span> <span class='ocrx_word' id='word_1_39' title='bbox 330 1551 379 1607; x_wconf 85' lang='lat' dir='ltr'>est</span> <span class='ocrx_word' id='word_1_40' title='bbox 391 1539 518 1632; x_wconf 87' lang='lat' dir='ltr'>species</span> <span class='ocrx_word' id='word_1_41' title='bbox 530 1539 661 1607; x_wconf 82' lang='lat' dir='ltr'>erratici</span> <span class='ocrx_word' id='word_1_42' title='bbox 673 1541 766 1618; x_wconf 88' lang='lat' dir='ltr'>astri,</span> <span class='ocrx_word' id='word_1_43' title='bbox 782 1549 945 1632; x_wconf 84' lang='lat' dir='ltr'><strong>tanquam</strong></span> <span class='ocrx_word' id='word_1_44' title='bbox 958 1533 1083 1606; x_wconf 83' lang='lat' dir='ltr'>diutius</span> <span class='ocrx_word' id='word_1_45' title='bbox 1095 1549 1181 1605; x_wconf 82' lang='lat' dir='ltr'>stan-</span> 
     </span>
     <span class='ocr_line' id='line_1_10' title="bbox 167 1659 1179 1756; baseline -0.003 -26"><span class='ocrx_word' id='word_1_46' title='bbox 167 1666 207 1730; x_wconf 89' lang='lat' dir='ltr'>tis</span> <span class='ocrx_word' id='word_1_47' title='bbox 227 1677 260 1730; x_wconf 91' lang='lat' dir='ltr'>et</span> <span class='ocrx_word' id='word_1_48' title='bbox 278 1663 446 1730; x_wconf 81' lang='lat' dir='ltr'>manentis</span> <span class='ocrx_word' id='word_1_49' title='bbox 462 1683 569 1754; x_wconf 87' lang='lat' dir='ltr'>prope</span> <span class='ocrx_word' id='word_1_50' title='bbox 588 1661 974 1756; x_wconf 86' lang='lat' dir='ltr'>aliquamincrrantium</span> <span class='ocrx_word' id='word_1_51' title='bbox 993 1659 1179 1728; x_wconf 86' lang='lat' dir='ltr'>stellarum.</span> 
     </span>
    </p>
   </div>
   <div class='ocr_carea' id='block_1_6' title="bbox 467 1850 868 2040">
    <p class='ocr_par' dir='ltr' id='par_1_6' title="bbox 467 1850 868 2040">
     <span class='ocr_line' id='line_1_11' title="bbox 584 1850 766 1908; baseline -0.011 -13"><span class='ocrx_word' id='word_1_52' title='bbox 584 1850 682 1908; x_wconf 64' lang='lat' dir='ltr'>[conr</span> <span class='ocrx_word' id='word_1_53' title='bbox 697 1851 766 1908; x_wconf 73' lang='lat' dir='ltr'>xxa]</span> 
     </span>
     <span class='ocr_line' id='line_1_12' title="bbox 467 1963 868 2040; baseline -0.005 -27"><span class='ocrx_word' id='word_1_54' title='bbox 467 1963 553 2040; x_wconf 55' lang='lat'>:9¹³⁰</span> <span class='ocrx_word' id='word_1_55' title='bbox 572 1964 620 2012; x_wconf 85' lang='lat' dir='ltr'>SIT</span> <span class='ocrx_word' id='word_1_56' title='bbox 637 1963 868 2014; x_wconf 76' lang='lat' dir='ltr'>RETROCESSUS.</span> 
     </span>
    </p>
   </div>
   <div class='ocr_carea' id='block_1_7' title="bbox 169 2099 1187 3052">
    <p class='ocr_par' dir='ltr' id='par_1_7' title="bbox 169 2099 1187 3052">
     <span class='ocr_line' id='line_1_13' title="bbox 222 2099 1182 2200; baseline -0.001 -27"><span class='ocrx_word' id='word_1_57' title='bbox 222 2099 417 2175; x_wconf 64' lang='lat' dir='ltr'>Reaccescn</span> <span class='ocrx_word' id='word_1_58' title='bbox 442 2119 492 2174; x_wconf 88' lang='lat' dir='ltr'>est</span> <span class='ocrx_word' id='word_1_59' title='bbox 514 2109 640 2199; x_wconf 84' lang='lat' dir='ltr'>species</span> <span class='ocrx_word' id='word_1_60' title='bbox 662 2106 797 2176; x_wconf 79' lang='lat' dir='ltr'>erratici</span> <span class='ocrx_word' id='word_1_61' title='bbox 819 2109 898 2174; x_wconf 80' lang='lat' dir='ltr'>antri</span> <span class='ocrx_word' id='word_1_62' title='bbox 924 2105 1139 2200; x_wconf 81' lang='lat' dir='ltr'>regressionis</span> <span class='ocrx_word' id='word_1_63' title='bbox 1165 2129 1182 2172; x_wconf 93' lang='lat' dir='ltr'>a</span> 
     </span>
     <span class='ocr_line' id='line_1_14' title="bbox 169 2223 1182 2322; baseline -0.002 -26"><span class='ocrx_word' id='word_1_64' title='bbox 169 2227 312 2297; x_wconf 82' lang='lat' dir='ltr'>statione</span> <span class='ocrx_word' id='word_1_65' title='bbox 329 2229 364 2294; x_wconf 88' lang='lat' dir='ltr'>in</span> <span class='ocrx_word' id='word_1_66' title='bbox 384 2229 589 2296; x_wconf 79' lang='lat' dir='ltr'>contrariam</span> <span class='ocrx_word' id='word_1_67' title='bbox 603 2229 715 2296; x_wconf 85' lang='lat' dir='ltr'>motui</span> <span class='ocrx_word' id='word_1_68' title='bbox 729 2229 834 2322; x_wconf 85' lang='lat' dir='ltr'>priori</span> <span class='ocrx_word' id='word_1_69' title='bbox 853 2239 997 2320; x_wconf 86' lang='lat' dir='ltr'>partam.</span> <span class='ocrx_word' id='word_1_70' title='bbox 1014 2223 1109 2294; x_wconf 76' lang='lat' dir='ltr'>Talia</span> <span class='ocrx_word' id='word_1_71' title='bbox 1125 2247 1182 2294; x_wconf 90' lang='lat' dir='ltr'>au-</span> 
     </span>
     <span class='ocr_line' id='line_1_15' title="bbox 171 2344 1184 2442; baseline 0 -27"><span class='ocrx_word' id='word_1_72' title='bbox 171 2361 241 2416; x_wconf 88' lang='lat' dir='ltr'>tem</span> <span class='ocrx_word' id='word_1_73' title='bbox 259 2344 334 2416; x_wconf 88' lang='lat' dir='ltr'>fieri</span> <span class='ocrx_word' id='word_1_74' title='bbox 355 2347 524 2429; x_wconf 82' lang='lat' dir='ltr'>videntur,</span> <span class='ocrx_word' id='word_1_75' title='bbox 548 2373 611 2418; x_wconf 84' lang='lat' dir='ltr'>nec</span> <span class='ocrx_word' id='word_1_76' title='bbox 633 2373 716 2420; x_wconf 87' lang='lat' dir='ltr'>vero</span> <span class='ocrx_word' id='word_1_77' title='bbox 739 2350 785 2418; x_wconf 87' lang='lat' dir='ltr'>ita</span> <span class='ocrx_word' id='word_1_78' title='bbox 808 2346 1031 2442; x_wconf 84' lang='lat' dir='ltr'>perficiuntur</span> <span class='ocrx_word' id='word_1_79' title='bbox 1055 2372 1062 2410; x_wconf 91' lang='lat'>:</span> <span class='ocrx_word' id='word_1_80' title='bbox 1087 2349 1184 2442; x_wconf 88' lang='lat' dir='ltr'>cujus</span> 
     </span>
     <span class='ocr_line' id='line_1_16' title="bbox 170 2464 1183 2566; baseline 0.001 -29"><span class='ocrx_word' id='word_1_81' title='bbox 170 2471 219 2537; x_wconf 86' lang='lat' dir='ltr'>rai</span> <span class='ocrx_word' id='word_1_82' title='bbox 232 2464 305 2538; x_wconf 78' lang='lat' dir='ltr'>liaeo</span> <span class='ocrx_word' id='word_1_83' title='bbox 319 2483 370 2538; x_wconf 83' lang='lat' dir='ltr'>est</span> <span class='ocrx_word' id='word_1_84' title='bbox 384 2493 497 2550; x_wconf 87' lang='lat' dir='ltr'>causa,</span> <span class='ocrx_word' id='word_1_85' title='bbox 518 2469 629 2564; x_wconf 84' lang='lat' dir='ltr'>quod,</span> <span class='ocrx_word' id='word_1_86' title='bbox 648 2493 711 2564; x_wconf 87' lang='lat' dir='ltr'>per</span> <span class='ocrx_word' id='word_1_87' title='bbox 726 2472 906 2564; x_wconf 82' lang='lat' dir='ltr'>proprium</span> <span class='ocrx_word' id='word_1_88' title='bbox 918 2467 1105 2566; x_wconf 88' lang='lat' dir='ltr'>quemdam</span> <span class='ocrx_word' id='word_1_89' title='bbox 1120 2471 1183 2538; x_wconf 84' lang='lat' dir='ltr'>cir-</span> 
     </span>
     <span class='ocr_line' id='line_1_17' title="bbox 170 2587 1185 2686; baseline 0 -27"><span class='ocrx_word' id='word_1_90' title='bbox 170 2591 287 2660; x_wconf 79' lang='lat' dir='ltr'>eninm</span> <span class='ocrx_word' id='word_1_91' title='bbox 302 2592 407 2661; x_wconf 87' lang='lat' dir='ltr'>autin</span> <span class='ocrx_word' id='word_1_92' title='bbox 424 2594 561 2686; x_wconf 86' lang='lat' dir='ltr'>propria</span> <span class='ocrx_word' id='word_1_93' title='bbox 576 2587 706 2686; x_wconf 80' lang='lat' dir='ltr'>sphaera</span> <span class='ocrx_word' id='word_1_94' title='bbox 720 2615 793 2661; x_wconf 87' lang='lat' dir='ltr'>sese</span> <span class='ocrx_word' id='word_1_95' title='bbox 810 2616 953 2663; x_wconf 82' lang='lat' dir='ltr'>movens</span> <span class='ocrx_word' id='word_1_96' title='bbox 971 2615 1114 2686; x_wconf 84' lang='lat' dir='ltr'>quaeque</span> <span class='ocrx_word' id='word_1_97' title='bbox 1135 2613 1185 2660; x_wconf 88' lang='lat' dir='ltr'>er-</span> 
     </span>
     <span class='ocr_line' id='line_1_18' title="bbox 169 2710 1186 2807; baseline -0.003 -24"><span class='ocrx_word' id='word_1_98' title='bbox 169 2715 318 2787; x_wconf 80' lang='lat' dir='ltr'>rantium</span> <span class='ocrx_word' id='word_1_99' title='bbox 338 2711 511 2784; x_wconf 87' lang='lat' dir='ltr'>stellarum</span> <span class='ocrx_word' id='word_1_100' title='bbox 532 2712 617 2783; x_wconf 80' lang='lat' dir='ltr'>inira</span> <span class='ocrx_word' id='word_1_101' title='bbox 634 2717 838 2795; x_wconf 86' lang='lat' dir='ltr'>inerrantes,</span> <span class='ocrx_word' id='word_1_102' title='bbox 855 2712 954 2783; x_wconf 90' lang='lat' dir='ltr'>nobis</span> <span class='ocrx_word' id='word_1_103' title='bbox 969 2725 1110 2807; x_wconf 87' lang='lat' dir='ltr'>propter</span> <span class='ocrx_word' id='word_1_104' title='bbox 1128 2710 1186 2781; x_wconf 93' lang='lat' dir='ltr'>ob-</span> 
     </span>
     <span class='ocr_line' id='line_1_19' title="bbox 171 2832 1183 2910; baseline 0 -8"><span class='ocrx_word' id='word_1_105' title='bbox 171 2838 325 2904; x_wconf 85' lang='lat' dir='ltr'>stantiam</span> <span class='ocrx_word' id='word_1_106' title='bbox 344 2833 479 2906; x_wconf 87' lang='lat' dir='ltr'>videtur</span> <span class='ocrx_word' id='word_1_107' title='bbox 496 2833 685 2904; x_wconf 87' lang='lat' dir='ltr'>secundum</span> <span class='ocrx_word' id='word_1_108' title='bbox 707 2833 881 2905; x_wconf 82' lang='lat' dir='ltr'>zodiacum</span> <span class='ocrx_word' id='word_1_109' title='bbox 901 2832 981 2904; x_wconf 86' lang='lat' dir='ltr'>sarri</span> <span class='ocrx_word' id='word_1_110' title='bbox 1000 2834 1183 2910; x_wconf 79' lang='lat' dir='ltr'>circulum,</span> 
     </span>
     <span class='ocr_line' id='line_1_20' title="bbox 172 2953 1187 3052; baseline -0.002 -27"><span class='ocrx_word' id='word_1_111' title='bbox 172 2959 229 3050; x_wconf 93' lang='lat' dir='ltr'>qui</span> <span class='ocrx_word' id='word_1_112' title='bbox 244 2980 345 3052; x_wconf 88' lang='lat' dir='ltr'>snpra</span> <span class='ocrx_word' id='word_1_113' title='bbox 359 2959 442 3026; x_wconf 82' lang='lat' dir='ltr'>situs</span> <span class='ocrx_word' id='word_1_114' title='bbox 462 2971 512 3026; x_wconf 87' lang='lat' dir='ltr'>est</span> <span class='ocrx_word' id='word_1_115' title='bbox 526 2987 533 3025; x_wconf 75' lang='grc' dir='ltr'><em>ι</em></span> <span class='ocrx_word' id='word_1_116' title='bbox 549 2956 844 3052; x_wconf 88' lang='lat' dir='ltr'>quemadmodum</span> <span class='ocrx_word' id='word_1_117' title='bbox 861 2959 963 3025; x_wconf 89' lang='lat' dir='ltr'>etiam</span> <span class='ocrx_word' id='word_1_118' title='bbox 979 2954 1021 3024; x_wconf 88' lang='lat' dir='ltr'>de</span> <span class='ocrx_word' id='word_1_119' title='bbox 1040 2954 1091 3024; x_wconf 86' lang='lat' dir='ltr'>his</span> <span class='ocrx_word' id='word_1_120' title='bbox 1106 2953 1187 3023; x_wconf 82' lang='lat' dir='ltr'>defi-</span> 
     </span>
    </p>
   </div>
   <div class='ocr_carea' id='block_1_8' title="bbox 174 3192 1243 3896">
    <p class='ocr_par' dir='ltr' id='par_1_8' title="bbox 207 3192 648 3279">
     <span class='ocr_line' id='line_1_21' title="bbox 207 3192 648 3279; baseline 0.009 -27"><span class='ocrx_word' id='word_1_121' title='bbox 207 3192 227 3221; x_wconf 90' lang='lat'>¹⁰</span> <span class='ocrx_word' id='word_1_122' title='bbox 247 3193 282 3254; x_wconf 85' lang='lat' dir='ltr'>ln</span> <span class='ocrx_word' id='word_1_123' title='bbox 298 3195 397 3256; x_wconf 81' lang='lat' dir='ltr'>codice</span> <span class='ocrx_word' id='word_1_124' title='bbox 411 3199 444 3254; x_wconf 82' lang='grc' dir='ltr'>ἐν</span> <span class='ocrx_word' id='word_1_125' title='bbox 459 3194 513 3256; x_wconf 77' lang='grc' dir='ltr'>ἰδία</span> <span class='ocrx_word' id='word_1_126' title='bbox 528 3205 648 3279; x_wconf 71' lang='grc' dir='ltr'>σβαῖρᾳ.</span> 
     </span>
    </p>

    <p class='ocr_par' dir='ltr' id='par_1_9' title="bbox 208 3295 525 3358">
     <span class='ocr_line' id='line_1_22' title="bbox 208 3295 525 3358; baseline 0.013 -4"><span class='ocrx_word' id='word_1_127' title='bbox 208 3295 226 3323; x_wconf 84' lang='lat'>¹¹</span> <span class='ocrx_word' id='word_1_128' title='bbox 250 3295 284 3356; x_wconf 90' lang='lat' dir='ltr'>In</span> <span class='ocrx_word' id='word_1_129' title='bbox 299 3297 400 3357; x_wconf 88' lang='lat' dir='ltr'>codice</span> <span class='ocrx_word' id='word_1_130' title='bbox 414 3303 525 3358; x_wconf 75' lang='grc' dir='ltr'>ἔνατον.</span> 
     </span>
    </p>

    <p class='ocr_par' dir='ltr' id='par_1_10' title="bbox 202 3394 558 3462">
     <span class='ocr_line' id='line_1_23' title="bbox 202 3394 558 3462; baseline 0.02 -7"><span class='ocrx_word' id='word_1_131' title='bbox 202 3394 227 3436; x_wconf 70' lang='lat'>·¹²</span> <span class='ocrx_word' id='word_1_132' title='bbox 250 3396 283 3456; x_wconf 87' lang='lat' dir='ltr'>ln</span> <span class='ocrx_word' id='word_1_133' title='bbox 299 3397 398 3458; x_wconf 84' lang='lat' dir='ltr'>codice</span> <span class='ocrx_word' id='word_1_134' title='bbox 413 3399 558 3462; x_wconf 64' lang='grc' dir='ltr'>ἀπλανῶν.</span> 
     </span>
    </p>

    <p class='ocr_par' dir='ltr' id='par_1_11' title="bbox 174 3498 1243 3896">
     <span class='ocr_line' id='line_1_24' title="bbox 210 3498 1243 3588; baseline 0.007 -30"><span class='ocrx_word' id='word_1_135' title='bbox 210 3498 229 3528; x_wconf 79' lang='lat'>¹³</span> <span class='ocrx_word' id='word_1_136' title='bbox 252 3499 285 3559; x_wconf 88' lang='lat' dir='ltr'>ln</span> <span class='ocrx_word' id='word_1_137' title='bbox 301 3500 401 3561; x_wconf 87' lang='lat' dir='ltr'>codice</span> <span class='ocrx_word' id='word_1_138' title='bbox 415 3501 522 3586; x_wconf 71' lang='lat' dir='ltr'>legitur</span> <span class='ocrx_word' id='word_1_139' title='bbox 541 3508 753 3588; x_wconf 72' lang='grc' dir='ltr'>ἐπιπρὸσθεσιυ</span> <span class='ocrx_word' id='word_1_140' title='bbox 776 3531 781 3564; x_wconf 90' lang='lat'>:</span> <span class='ocrx_word' id='word_1_141' title='bbox 805 3506 886 3588; x_wconf 87' lang='lat' dir='ltr'>quod</span> <span class='ocrx_word' id='word_1_142' title='bbox 904 3504 921 3564; x_wconf 83' lang='lat' dir='ltr'>a</span> <span class='ocrx_word' id='word_1_143' title='bbox 940 3527 971 3566; x_wconf 89' lang='lat' dir='ltr'>re</span> <span class='ocrx_word' id='word_1_144' title='bbox 990 3505 1120 3565; x_wconf 83' lang='lat' dir='ltr'>alienum</span> <span class='ocrx_word' id='word_1_145' title='bbox 1135 3517 1186 3565; x_wconf 87' lang='lat' dir='ltr'>ent.</span> <span class='ocrx_word' id='word_1_146' title='bbox 1240 3543 1243 3554; x_wconf 36' lang='grc' dir='ltr'><em>κ</em></span> 
     </span>
     <span class='ocr_line' id='line_1_25' title="bbox 175 3601 1188 3692; baseline 0.004 -28"><span class='ocrx_word' id='word_1_147' title='bbox 175 3601 343 3664; x_wconf 83' lang='lat' dir='ltr'>Chalcidins</span> <span class='ocrx_word' id='word_1_148' title='bbox 360 3604 421 3684; x_wconf 79' lang='lat' dir='ltr'>(sol.</span> <span class='ocrx_word' id='word_1_149' title='bbox 439 3605 479 3666; x_wconf 74' lang='lat'>26</span> <span class='ocrx_word' id='word_1_150' title='bbox 496 3607 511 3664; x_wconf 73' lang='lat' dir='ltr'><strong><em>h</em></strong></span> <span class='ocrx_word' id='word_1_151' title='bbox 527 3609 672 3678; x_wconf 62' lang='lat' dir='ltr'>Accensa,</span> <span class='ocrx_word' id='word_1_152' title='bbox 689 3631 718 3692; x_wconf 93' lang='lat' dir='ltr'>p.</span> <span class='ocrx_word' id='word_1_153' title='bbox 737 3609 795 3670; x_wconf 80' lang='lat'>158</span> <span class='ocrx_word' id='word_1_154' title='bbox 810 3609 946 3689; x_wconf 76' lang='lat' dir='ltr'>Meuraii)</span> <span class='ocrx_word' id='word_1_155' title='bbox 964 3609 1048 3669; x_wconf 80' lang='lat' dir='ltr'>vertit</span> <span class='ocrx_word' id='word_1_156' title='bbox 1061 3635 1067 3667; x_wconf 81' lang='grc' dir='ltr'>ι</span> <span class='ocrx_word' id='word_1_157' title='bbox 1081 3607 1188 3690; x_wconf 84' lang='lat' dir='ltr'>objecta</span> 
     </span>
     <span class='ocr_line' id='line_1_26' title="bbox 174 3707 1188 3793; baseline 0.004 -27"><span class='ocrx_word' id='word_1_158' title='bbox 174 3709 243 3768; x_wconf 80' lang='lat' dir='ltr'>narii</span> <span class='ocrx_word' id='word_1_159' title='bbox 258 3708 376 3788; x_wconf 80' lang='lat' dir='ltr'>corporis</span> <span class='ocrx_word' id='word_1_160' title='bbox 392 3707 551 3792; x_wconf 79' lang='lat' dir='ltr'>impediente</span> <span class='ocrx_word' id='word_1_161' title='bbox 565 3725 708 3792; x_wconf 69' lang='lat' dir='ltr'>aspectam.</span> <span class='ocrx_word' id='word_1_162' title='bbox 728 3713 908 3774; x_wconf 86' lang='lat' dir='ltr'>Sententiam</span> <span class='ocrx_word' id='word_1_163' title='bbox 931 3733 1001 3793; x_wconf 84' lang='lat' dir='ltr'>ergo</span> <span class='ocrx_word' id='word_1_164' title='bbox 1022 3731 1081 3771; x_wconf 87' lang='lat' dir='ltr'>non</span> <span class='ocrx_word' id='word_1_165' title='bbox 1104 3712 1188 3770; x_wconf 88' lang='lat' dir='ltr'>intel·</span> 
     </span>
     <span class='ocr_line' id='line_1_27' title="bbox 174 3808 991 3896; baseline 0.009 -29"><span class='ocrx_word' id='word_1_166' title='bbox 174 3808 255 3879; x_wconf 79' lang='lat' dir='ltr'>laxit,</span> <span class='ocrx_word' id='word_1_167' title='bbox 275 3811 325 3870; x_wconf 84' lang='lat' dir='ltr'>sed</span> <span class='ocrx_word' id='word_1_168' title='bbox 342 3824 418 3871; x_wconf 90' lang='lat' dir='ltr'>recte</span> <span class='ocrx_word' id='word_1_169' title='bbox 433 3812 503 3894; x_wconf 75' lang='lat' dir='ltr'>legit</span> <span class='ocrx_word' id='word_1_170' title='bbox 517 3818 740 3896; x_wconf 69' lang='grc' dir='ltr'>ἐπεπρὸσθησιν.</span> <span class='ocrx_word' id='word_1_171' title='bbox 757 3816 830 3878; x_wconf 86' lang='lat' dir='ltr'>Vide</span> <span class='ocrx_word' id='word_1_172' title='bbox 846 3817 948 3876; x_wconf 89' lang='lat' dir='ltr'>Notam</span> <span class='ocrx_word' id='word_1_173' title='bbox 965 3837 991 3874; x_wconf 90' lang='lat' dir='ltr'>r.</span> 
     </span>
    </p>
   </div>
   <div class='ocr_carea' id='block_1_9' title="bbox 0 0 1499 4824">
    <p class='ocr_par' dir='ltr' id='par_1_12' title="bbox 0 0 1499 4824">
     <span class='ocr_line' id='line_1_28' title="bbox 0 0 1499 4824; baseline 0 0"><span class='ocrx_word' id='word_1_174' title='bbox 0 0 1499 4824; x_wconf 95' lang='lat' dir='ltr'> </span> 
     </span>
    </p>
   </div>
  </div>
 </body>
</html>
