2970 4822
340 421 380 485 st
631 419 826 484 THEONlS
845 417 1055 484 SMYRNAEI

339 545 422 612 ciem
432 545 530 610 maris
541 545 727 634 sphaericam
738 567 818 620 esse,
826 555 897 634 post
908 542 1108 610 Aristotelem
1116 543 1127 586 ¹
1136 543 1354 610 demonstrat.

338 657 449 722 Totins
469 659 575 722 Terrae
597 679 672 724 cum
689 657 812 746 sphaera
831 656 954 746 pedalis
974 656 1141 730 diametri,
1159 669 1192 722 et
1211 657 1353 722 maximi

339 768 456 834 montis
479 791 553 834 cum
575 793 639 836 una
656 781 746 858 parte
764 770 854 858 grani
874 769 958 836 milii
977 769 1012 834 in
1033 769 1192 857 sexaginta
1207 780 1354 858 quatuor

338 880 440 946 millia
459 882 599 970 pam'um
619 883 710 949 divisi
734 882 927 972 comparatio
947 881 1047 970 ipsius
1068 881 1193 946 Adrasti
1215 881 1351 968 ingenio

338 993 446 1058 deberi
458 994 591 1060 videtur.
608 995 715 1062 'l'errae
730 995 830 1085 ipsius
846 1017 921 1062 cum
937 995 1077 1060 maximo
1094 1005 1204 1060 monte
1219 1016 1351 1082 compa-

338 1105 415 1172 ratio
428 1129 465 1171 ex
472 1107 694 1182 Eratosthene,
710 1119 745 1174 ut
756 1108 897 1180 videtur,
909 1117 1014 1172 sumta
1027 1117 1087 1181 est,
1102 1129 1188 1194 quae,
1199 1128 1291 1196 paene
1303 1107 1348 1171 ad

313 1253 316 1260 v
337 1219 470 1284 verbum
489 1231 648 1310 excerpta,
662 1221 749 1310 apud
764 1221 931 1286 Thoonem
947 1218 1217 1285 Alexandrinum²
1233 1241 1350 1284 rursus

337 1331 514 1404 invenitur,
533 1334 594 1398 nisi
614 1334 715 1421 quod,
734 1333 863 1422 qualem
880 1332 968 1398 dedit
984 1343 1055 1420 post
1071 1330 1299 1397 Posidonium³
1314 1341 1348 1394 et

337 1443 498 1508 Marinum
514 1445 702 1510 Ptolemaeus
714 1447 737 1519 Ι,
756 1445 912 1512 diversam
926 1445 966 1510 ab
979 1443 1224 1518 eratosthenica,
1238 1437 1348 1508 Terrae

337 1577 521 1620 mensnram
537 1558 635 1622 sumit
650 1557 762 1624 Theon
783 1557 1032 1631 Alexandrinus,
1050 1567 1082 1622 et
1100 1579 1211 1623 omnes
1227 1555 1349 1622 idcirco

337 1674 440 1732 mutat
450 1690 610 1735 numeros.
621 1671 660 1734 Et
672 1669 974 1736 eratosthenioorum
984 1669 1117 1758 quidem
1129 1670 1164 1734 in
1176 1669 1348 1734 parisiensi

336 1779 476 1844 Theonis
496 1779 652 1868 Smyrnaei
671 1781 868 1848 Astrouomio
888 1781 995 1849 codice
1017 1803 1229 1848 numerorum
1249 1782 1348 1846 multi

337 1900 392 1954 aut
407 1903 554 1979 corrupte
569 1893 677 1981 scripti
693 1905 782 1967 sunt,
795 1905 849 1959 aut
863 1895 959 1959 etiam
976 1893 1107 1966 desunt,
1119 1917 1200 1981 quos
1216 1905 1301 1958 certo
1314 1905 1349 1958 et

336 1999 428 2068 facile
440 2003 643 2070 restituimus.
657 2005 693 2070 ln
706 2003 772 2072 fine
783 2005 893 2094 capitis
904 2005 989 2070 tertii
1005 2018 1051 2072 est
1061 2005 1185 2072 lacuna.
1202 2005 1350 2094 Proposi-

336 2114 457 2181 tionem
473 2140 588 2191 unam,
606 2140 677 2204 quae
695 2117 885 2183 sententiam
907 2118 1060 2208 complet,
1078 2117 1271 2184 addidimus.
1288 2117 1350 2183 Ce-

337 2238 417 2303 tera,
433 2252 505 2316 quae
517 2228 625 2296 deesse
636 2241 783 2318 possunt,
796 2253 860 2296 non
873 2243 920 2297 est
931 2254 990 2296 cur
1001 2232 1143 2298 multum
1153 2227 1311 2326 desideres
1322 2231 1350 2292 ⁵.

452 2521 591 2582 nevum
609 2543 679 2590 siro,
698 2543 794 2590 oursrr.
813 2545 845 2582 ur
865 2543 919 2582 corr
939 2543 1018 2582 oceno
1037 2542 1232 2584 rnoronrross.

202 2685 205 2694 '
288 2739 293 2749 ,
385 2679 517 2744 Terram
533 2678 665 2746 omnino
677 2679 853 2767 quiescere,
870 2679 958 2766 quod
970 2679 1188 2746 demonstrare
1200 2677 1351 2744 Aristote

378 2885 386 2916 ¹
407 2882 445 2934 De
458 2881 531 2944 culo,
547 2883 585 2945 ΙΙ,
603 2879 746 2945 ιΙ,88οῑ
762 2899 818 2957 sqq.
832 2893 858 2936 st
875 2883 913 2944 ΙΙ,
933 2887 963 2947 t,
981 2880 994 2936 S
1009 2884 1055 2946 10,
1074 2902 1100 2957 p.
1117 2901 1168 2954 ²97
1183 2893 1208 2936 et
1221 2901 1247 2956 p.
1264 2885 1316 2955 287
1333 2883 1348 2934 Ι

339 2976 380 3030 ed.
393 2975 478 3032 Berol.
491 2975 533 3030 (ΙΙ.
545 2975 742 3039 Archimedem,
752 2975 822 3050 apud
832 2975 1000 3040 Str-ebonem,
1015 2979 1026 3030 Ι
1033 3018 1040 3040 ,
1052 2975 1083 3039 3,
1096 2988 1114 3031 t.
1128 2979 1154 3039 l,
1165 2996 1192 3051 p.
1204 2977 1239 3032 88
1248 2975 1348 3030 Tauch-

339 3070 410 3133 nitii,
425 3081 451 3124 et
463 3069 645 3132 cleomedem,
658 3071 683 3133 l,
698 3073 724 3124 8.

376 3167 385 3193 ¹
405 3165 436 3216 ln
447 3159 569 3216 Ptolemaei
582 3162 666 3236 Gomp.
686 3161 759 3216 moth.
773 3164 797 3225 l,
814 3165 844 3226 3,
862 3174 880 3216 t.
896 3164 920 3228 Ι,
933 3183 960 3238 p.
974 3165 1058 3220 62-65
1073 3163 1174 3216 Halmae
1188 3163 1227 3236 (p.
1248 3161 1282 3216 23
1301 3163 1343 3216 ed.

338 3277 375 3330 gr.
390 3254 488 3328 hasil).
501 3254 542 3310 (ΙΙ.
556 3254 736 3328 Simplicium,
750 3255 788 3308 De
801 3255 874 3319 coslo,
889 3257 927 3322 ll,
940 3257 984 3311 sol.
1002 3258 1053 3312 136
1067 3255 1124 3334 hid.
1139 3259 1218 3310 Hunc
1231 3257 1350 3310 Theonis

338 3350 409 3406 Alex.
424 3350 512 3404 locum
528 3366 600 3422 pene
612 3348 762 3402 adverbum
773 3349 908 3422 descripsit
921 3361 947 3406 et
958 3351 1133 3406 astronomieo
1142 3349 1211 3404 libro
1221 3360 1349 3424 tunquam

338 3462 416 3498 suum
426 3441 537 3496 inseruit
548 3441 674 3515 Georgius
684 3443 853 3515 pachymeres
868 3425 914 3514 (ln
926 3443 1049 3500 Biblioth.
1062 3462 1116 3516 reg.
1133 3443 1190 3498 eod.
1205 3461 1242 3516 gr.
1259 3442 1347 3508 2338,

338 3537 385 3592 iol.
401 3537 452 3608 267
467 3537 550 3590 mos
562 3535 598 3607 t).

376 3634 386 3664 ³
406 3629 482 3704 Apud
495 3628 661 3690 Strabonem,
673 3629 711 3692 ll,
726 3629 754 3691 3,
765 3641 784 3684 t.
798 3631 821 3693 Ι,
835 3650 861 3705 p.
876 3635 927 3688 150
937 3632 1096 3688 Teurhnitii.

377 3725 387 3759 ⁴
408 3724 496 3800 Geopr.
510 3724 536 3786 l,
551 3719 648 3788 6,§1;
663 3722 689 3785 Ι,
707 3743 753 3788 ιι,
769 3720 820 3779 52.
833 3727 965 3792 Merinum
979 3727 1107 3802 sequitur.

377 3816 472 3872 ‘Vide
485 3819 562 3871 Notus
575 3833 603 3879 s,
616 3832 683 3881 c,n‚
697 3833 724 3880 u,
738 3833 769 3880 r,
782 3833 811 3881 o,
826 3836 852 3874 n.
