2964 4824
472 444 529 504 DE
552 443 852 504 ASTRONOMIA.
1109 443 1169 504 297

158 571 326 666 sphaeram
341 573 562 640 inerrantium
581 584 688 640 totam
705 570 873 638 contrarie
889 561 1112 644 circumeant,
1132 593 1170 637 ac

158 692 273 762 solidae
286 695 384 762 etiam
394 694 428 760 in
439 716 507 760 una
518 675 653 784 semper
662 705 753 760 recta
765 691 855 760 linea
866 703 981 759 centra
989 687 1168 768 habentes,

158 837 306 907 quarum
315 814 457 882 minima
467 812 596 906 sphaera
606 811 707 891 Solis,
721 811 786 881 hac
797 826 911 881 autem
920 814 1032 907 major
1041 811 1170 906 sphaera

158 934 335 1015 Mercurii,
354 949 387 1004 et
404 935 469 1010 hac
487 935 589 1002 etiem
604 937 716 1030 major
730 933 871 1004 Veneris
890 933 1030 1026 sphaera.

211 1055 278 1125 Sed
293 1054 367 1124 lieri
382 1058 484 1124 etiam
498 1069 610 1149 potest
627 1069 666 1124 ut
680 1077 749 1124 una
766 1056 809 1124 sit
826 1077 903 1124 cava
919 1052 1049 1148 sphaera
1063 1051 1171 1124 tribus

159 1179 254 1246 astris
264 1180 472 1256 communis,
485 1178 618 1271 sintque
632 1159 751 1246 solidae'
757 1177 861 1244 trium
871 1174 1009 1268 sphaerae
1022 1177 1057 1244 in
1070 1174 1171 1271 hujus

161 1296 337 1366 altitudine
347 1321 456 1366 unum
468 1299 614 1368 invicem
628 1320 813 1368 commune
824 1310 980 1366 centrum
989 1295 1169 1376 habentes,

160 1443 306 1513 quarum
320 1421 461 1488 minima
475 1432 509 1488 et
519 1443 598 1489 vere
612 1417 718 1489 solida
733 1417 863 1512 sphaera
874 1419 976 1500 Solis,
993 1431 1027 1488 et
1041 1421 1171 1490 circum

108 1607 113 1615 .
158 1541 253 1610 illam
270 1540 400 1636 sphaera
417 1540 595 1620 Mercurii,
615 1553 689 1609 tum
706 1553 865 1636 utrasque
876 1540 1116 1634 complectens
1139 1556 1172 1611 et

159 1685 301 1732 omnem
315 1687 404 1733 cavae
416 1687 455 1730 ac
467 1664 661 1732 communis
673 1661 887 1732 altitudinem
898 1661 1057 1732 obtinens
1069 1661 1172 1733 Phos-

157 1783 257 1878 phori
280 1785 411 1878 sphaera
429 1815 435 1853 :
456 1783 684 1878 quamobrem
706 1781 895 1854 secundum
920 1783 1171 1880 longitudinem

157 1931 220 2000 per
242 1906 368 1976 zodiaci
391 1909 484 2002 signa
505 1932 564 1976 seu
586 1931 677 2000 pone
699 1907 928 1988 relictionem,
953 1885 1013 1978 seu
1035 1923 1170 1979 motum

160 2031 386 2108 contrarium,
416 2033 520 2122 aequis
547 2032 637 2099 inter
661 2054 696 2098 se
722 2027 875 2099 cursibus
899 2031 964 2098 tria
988 2028 1061 2098 haec
1086 2045 1171 2100 astra

161 2163 401 2244 exsequuntur,
417 2151 498 2221 alios
513 2165 626 2220 autem
639 2165 750 2222 motus
761 2175 833 2254 non
843 2153 1015 2222 similiter:
1031 2167 1172 2246 propter

160 2296 246 2366 quos
273 2296 407 2365 semper
434 2275 496 2341 tria
525 2271 599 2342 haec
628 2275 716 2342 circa
747 2283 829 2342 sese
848 2275 994 2343 invicem
1024 2298 1170 2344 cernun-

159 2407 225 2474 tur,
246 2395 455 2488 essequentia
473 2393 746 2489 unumquodque
765 2394 828 2464 alia
844 2397 990 2465 vicissim
1009 2409 1042 2465 et
1057 2397 1170 2466 occul-

119 2500 120 2505 *
159 2517 278 2595 untia,
305 2514 475 2586 Mercurio
500 2515 750 2609 utplurimum
775 2517 892 2610 viginti
918 2514 988 2586 lere
1013 2515 1171 2612 gradibus

158 2637 319 2732 utrinque
338 2661 356 2704 a
372 2635 451 2706 Sole
467 2635 509 2706 ad
528 2636 745 2708 occidentem
767 2640 835 2707 sive
855 2637 899 2708 ad
919 2652 1032 2708 ortum
1056 2637 1169 2710 absce-

160 2756 279 2839 dente,
304 2757 445 2830 Veneris
469 2773 581 2828 autem
612 2760 706 2829 stella
728 2773 767 2828 ut
789 2759 977 2853 plurimum
1003 2762 1170 2854 quinqua-

158 2881 250 2973 ginta
261 2878 429 2974 gradibus.
444 2879 493 2950 Ac
505 2884 673 2952 veriorem
687 2880 827 2976 quidem
845 2883 1004 2976 conjiciat
1017 2881 1169 2977 [aliquis]

158 2998 247 3069 hanc
261 3025 331 3070 esse
343 3003 548 3108 positionem
561 3017 595 3072 et
607 3002 778 3082 ordinem,
795 3027 835 3072 eo
849 3017 887 3072 ut
902 3002 1037 3083 mundi,
1054 3017 1169 3098 utpote

194 3243 214 3272 ¹⁰
237 3247 269 3305 In
285 3249 383 3340 codice
398 3251 551 3327 ὑπόληψιν.

194 3347 213 3376 ¹¹
236 3349 269 3408 In
284 3351 383 3412 codice
398 3359 483 3436 φορά.

192 3449 213 3478 ¹²
235 3453 269 3511 ln
284 3454 381 3514 codice
397 3457 429 3516 ἃς
444 3461 507 3517 olel.

191 3553 212 3582 ¹³
234 3553 310 3615 Solis
326 3557 452 3638 signum.

194 3655 214 3686 ¹⁴
235 3659 447 3742 Compendiose
466 3667 606 3746 scriptum
627 3621 668 3726 est
689 3689 708 3743 μ
729 3677 757 3726 et
775 3668 861 3748 paulo
887 3669 1020 3750 superius
1040 3671 1074 3726 ol.
1097 3667 1169 3728 Vide

156 3759 300 3820 Tabulam
316 3783 347 3830 o,
364 3769 395 3822 n⁰
412 3784 440 3846 9.

191 3863 212 3892 ¹⁵
235 3865 323 3924 Deest
336 3866 366 3924 in
382 3867 481 3928 codice
495 3890 544 3928 τις.
591 3889 595 3898 ’
