3016 4826
341 413 403 473 tto
647 411 874 471 CHALClDll
898 412 1039 472 LOCUS

340 533 460 613 Luciferi
474 534 635 592 circulorum
651 535 770 592 nomine
788 534 937 593 evidenter
952 533 1091 615 appellat,
1108 555 1166 595 non
1186 538 1343 596 concentri·

339 656 386 694 cos
401 634 537 701 circulos.
553 657 627 718 quos
641 633 837 718 epicyclorum
848 647 947 694 centra
957 635 1144 704 describunt,
1158 637 1208 696 sed
1219 639 1295 718 ipsos
1305 659 1344 696 as-

339 738 375 796 tri
389 737 541 819 utriusque
552 737 708 819 epicyclos,
721 751 749 797 et
762 737 832 798 Solis
844 749 931 820 atque
946 738 1067 820 anfferi
1077 727 1216 822 ploborirm
1228 741 1344 800 nomine
1377 785 1392 815 ·.

338 838 473 922 intelligit
487 841 556 900 astri
572 841 724 924 utriusque
734 839 930 922 epicyclorum
942 839 1079 922 sphaeras,
1093 841 1193 924 quales
1206 840 1343 902 Adrastus

338 955 365 1002 ct
375 940 493 1003 Theon¹
510 943 662 1003 nominant
675 940 773 1002 solidus
788 954 921 1002 astrorum
936 944 1085 1004 errantium
1099 943 1217 1024 spherus
1226 943 1247 1003 ².

379 1046 531 1115 Praeterea,
543 1068 559 1105 e
573 1067 665 1126 gracco
680 1057 796 1106 auctore
810 1044 871 1104 haec
885 1048 984 1104 omnia
999 1067 1062 1106 esse
1075 1045 1164 1107 latine
1179 1067 1260 1106 versa
1271 1047 1344 1106 indi-

337 1161 403 1210 cant
418 1170 515 1230 graecae
529 1148 757 1230 descriptionum
778 1147 878 1207 litterae
893 1150 923 1206 in
940 1159 1017 1207 textu
1037 1147 1128 1208 latino
1147 1148 1195 1208 hic
1214 1161 1343 1218 servatae,

336 1253 412 1312 sicut
426 1263 454 1310 et
468 1251 499 1310 in
510 1250 581 1311 locis
592 1272 609 1310 e
620 1249 748 1312 Theonis
760 1249 934 1310 Astronomio
948 1273 963 1310 a
977 1249 1127 1312 Chalcidio
1141 1251 1230 1312 latine
1244 1253 1342 1313 versis.

378 1355 466 1414 Hunc
479 1375 547 1436 ergo
561 1354 674 1422 locum,
691 1356 750 1415 sive
765 1377 799 1414 cx
815 1353 929 1416 Adrasti
952 1340 1145 1416 astronomica
1164 1378 1266 1438 opere,
1287 1357 1344 1417 sive

336 1478 369 1517 ex
389 1457 503 1516 Adrasti
523 1455 567 1516 vel
586 1457 713 1519 Theonis
735 1458 761 1517 in
780 1457 903 1518 Plutonis
922 1457 1343 1540 Rempublicumcommeutario-

336 1557 411 1620 rum³
419 1557 482 1620 loco
494 1559 530 1618 ad
542 1560 698 1620 Parcarum
711 1559 809 1620 fusum
819 1561 969 1642 spectanti,
980 1561 1156 1622 aChalcidio
1166 1585 1342 1646 expressum,

336 1673 364 1722 et
378 1662 501 1743 pessime
516 1660 636 1744 quidem
651 1672 739 1742 atque
751 1662 956 1724 obscurissime
971 1684 1087 1726 versum
1103 1687 1165 1726 csse
1178 1667 1341 1728 credimus:

335 1763 415 1848 quod
426 1785 485 1824 non
498 1763 682 1833 mirabimur,
695 1765 879 1826 recordantes
890 1789 981 1849 quam
992 1769 1091 1850 inepta
1107 1770 1239 1830 versione
1250 1769 1342 1830 Theo·

336 1868 381 1927 nis
403 1866 543 1950 Smyrnei
564 1866 743 1928 Astronomice
765 1889 901 1948 magnam
920 1881 1032 1951 partem
1053 1871 1188 1932 mutilam
1208 1871 1343 1953 deprava-

234 1985 237 1990 ’
335 1982 468 2052 tamque.
483 1981 620 2051 tanquam
636 1991 733 2037 snam,
749 1969 916 2031 Chalcidius
932 1971 1016 2032 nobis
1032 1972 1189 2034 tradiderit.

376 2072 493 2142 Trium,
513 2083 658 2155 quotquot
677 2085 759 2142 sunt,
782 2073 924 2134 Chalcidii
944 2075 1106 2136 editionum
1129 2076 1217 2144 duas,
1239 2079 1342 2160 princi-

335 2195 403 2257 pem
411 2172 642 2243 ascensianatnt,
653 2178 776 2236 minime
788 2179 1047 2249 contemnendam,
1063 2181 1340 2264 Meursianamque⁶‚

334 2279 449 2341 mendis
469 2279 630 2340 innumeris
646 2279 795 2348 ioedatam,
812 2280 922 2340 nedum
943 2294 1114 2350 correctam,
1130 2305 1196 2352 nos,
1216 2283 1342 2344 Theonis

334 2379 473 2463 Smyrnaei
499 2382 726 2442 astronomicum
749 2381 861 2444 librum
885 2383 1033 2444 edendum
1053 2397 1201 2467 parantes,
1227 2407 1342 2468 semper

333 2480 491 2543 habuimus
506 2495 574 2543 autc
587 2484 694 2544 oculos.
708 2485 849 2546 Praeterea
859 2506 927 2546 vero
939 2486 1036 2546 locum
1048 2487 1128 2547 huuc
1142 2509 1158 2548 e
1171 2488 1342 2550 Fabriciana

334 2583 486 2653 editione⁶‚
502 2607 568 2669 quae
581 2588 665 2648 tertia
684 2599 713 2648 et
726 2589 817 2648 trium
832 2588 941 2671 optima
955 2601 1011 2656 est,
1028 2601 1115 2672 atque
1130 2591 1161 2650 in
1176 2613 1234 2672 qua
1249 2603 1342 2652 textus

368 2745 373 2770 ¹
392 2743 478 2804 mann.
489 2761 510 2792 c.
523 2760 583 2792 mu
594 2753 618 2792 et
627 2761 705 2794 xxxin.

367 2831 375 2856 ²
392 2811 689 2896 (lf.l)iss.part.ll‚c.1v.
703 2831 713 2878 t
726 2831 788 2880 l8et
800 2834 837 2880 19.

367 2912 1065 2981 ⁸VideDisr.part.l,c.1,§6‚etpart.ll‚c.111,§l5.
1314 2939 1318 2951 ·

367 2999 374 3024 ⁸
393 2995 521 3046 «Chalcidii
532 2997 576 3046 viri
591 2997 709 3048 clarissimi
721 2997 839 3048 luculenta
854 2999 933 3048 Timaei
947 2999 1056 3065 platonici
1069 2999 1185 3050 traductio
1199 3010 1224 3050 et
1237 3000 1340 3066 ejusdem

335 3081 492 3148 angutimma
505 3081 635 3148 explanatio
648 3101 654 3129 t
667 3083 768 3148 auspicio
779 3083 849 3150 longe
864 3081 984 3132 reverendi
997 3083 1087 3132 domini
1099 3083 1194 3132 loannis
1208 3083 1342 3151 Lotharingi

334 3164 486 3215 «cardinalis2
505 3183 547 3232 per
560 3151 728 3233 [hugustinum
739 3167 906 3232 iustinianum]
920 3166 1067 3216 Nebiensium
1084 3167 1218 3234 episcopum
1229 3167 1253 3216 iu
1267 3169 1342 3219 lucem

333 3249 416 3300 «editae
428 3269 434 3296 ι
446 3248 622 3298 venundantur
635 3249 660 3298 in
673 3249 769 3306 officinis
781 3250 862 3300 Jodoci
874 3250 941 3300 Badii
950 3251 1051 3300 Ascensii
1062 3271 1068 3299 =
1080 3269 1134 3302 cum
1145 3253 1219 3320 gratia
1233 3261 1257 3302 et
1269 3253 1340 3319 privi-

333 3333 409 3401 «legio
420 3333 446 3382 in
457 3332 583 3382 triennium
593 3334 730 3400 proximum.
746 3337 831 3384 1520.»
853 3335 956 3390 Parisiis,
966 3334 1040 3384 insol.

365 3420 373 3445 ⁶
391 3416 519 3466 «chalcidii
533 3417 631 3466 Timaeus
643 3417 673 3466 de
686 3417 788 3467 Platonis
800 3419 853 3484 (sic)
866 3405 997 3477 translatus.
1014 3422 1073 3470 ltem
1086 3421 1189 3487 ejusdem
1203 3423 1228 3470 in
1239 3421 1340 3470 eundem

334 3500 532 3550 «commentarius.
548 3503 649 3550 Joannes
663 3502 775 3550 Meursius
788 3503 914 3559 recensuit,
926 3501 1003 3552 denuo
1015 3503 1102 3560 edidit,
1114 3514 1137 3554 et
1154 3507 1225 3556 Notas
1240 3504 1340 3554 addidit.

333 3584 458 3654 «Lugduni
468 3586 607 3634 Batavorum
615 3585 640 3634 in
649 3584 739 3634 officina
749 3587 809 3635 Justi
821 3586 928 3636 Colsteri.
941 3589 1010 3636 Anno
1025 3590 1113 3651 1617.»
1122 3589 1191 3643 in-t⁰.

365 3670 373 3698 ⁸
390 3670 417 3718 ln
424 3667 539 3736 Hippolyti
551 3667 617 3736 episc.
627 3678 649 3718 et
657 3670 725 3718 Mart.
740 3669 852 3736 operibus,
865 3670 903 3720 ed.
914 3669 1019 3720 Fabricii.
1031 3671 1174 3740 Hamburgi,
1188 3676 1339 3737 1716-1718,

331 3752 409 3802 indul.
421 3761 439 3801 t.
449 3754 483 3811 ll,
494 3771 517 3819 p.
535 3757 580 3803 225
590 3763 614 3804 et
622 3772 674 3822 sqq.
687 3775 692 3802 ε
704 3755 833 3805 «Chalcidii
845 3755 984 3806 Timnns...
1000 3755 1024 3804 iu
1036 3756 1138 3806 eundem
1149 3757 1339 3814 commentarius,

333 3838 462 3907 «adjunctis
476 3838 576 3890 Platonis
590 3839 669 3907 grecis
682 3849 705 3890 et
720 3839 792 3889 latina
807 3840 924 3892 Ciceronis
935 3841 1138 3908 interpretatione,
1157 3840 1295 3892 emendatas
1313 3841 1340 3891 e'x
