2970 4822
328 421 369 482 80
623 415 818 484 THEONIS
840 413 1047 479 SMYRNAEI

329 545 455 608 motibus
471 541 688 628 fragmentum
701 541 783 606 illud
796 539 836 606 ad
848 550 955 606 motus
970 538 1080 604 solaris
1091 539 1347 628 inaequalitatem

330 664 484 742 spectans.
495 635 634 730 Serenus
646 653 700 718 ille
712 653 799 718 idem
812 653 885 718 sine·
893 651 991 717 dubio
1004 661 1064 724 est,
1078 651 1170 738 cujus
1180 652 1255 718 libri
1265 653 1346 726 duo,

328 749 413 830 unus
426 765 612 828 Descotiona
629 764 769 851 cylindri,
779 763 861 846 alter
877 763 925 826 De
940 767 1068 828 sectione
1078 767 1160 835 coni,
1175 763 1273 830 latine
1283 789 1347 852 per

329 875 644 949 Commandinuml,
661 876 845 963 iterumque
856 898 914 963 per
934 875 1072 942 Marium
1093 877 1344 952 Mersennum²‚

328 1012 428 1076 graece
453 1000 484 1054 et
504 989 601 1054 latine
620 988 718 1056 semel
739 1011 797 1077 per
813 987 1025 1054 Edmundum
1041 988 1246 1075 Halleyum³,
1265 990 1346 1055 editi

328 1113 411 1168 sunt.
435 1101 545 1167 Sereni
568 1102 654 1167 illius
677 1100 868 1166 Antissensis
889 1099 1107 1166 mathematici
1130 1123 1195 1166 una
1215 1111 1345 1166 tantum

328 1225 412 1280 certa
433 1215 519 1302 apud
540 1215 687 1301 antiquos
708 1214 830 1278 mentio
852 1213 1024 1284 invenitur,
1041 1213 1076 1276 in
1092 1213 1208 1278 Marini
1226 1213 1346 1302 Praesa-

329 1331 407 1390 tione
416 1328 456 1391 ad
466 1327 607 1393 Euclidis
619 1329 703 1392 Doto
712 1327 736 1399 4,
750 1327 822 1398 ubi,
839 1326 865 1390 si
876 1349 971 1390 sanus
983 1325 1064 1392 foret
1072 1337 1190 1398 textus,
1204 1328 1346 1392 Serenus

329 1437 520 1504 Archimede
533 1439 694 1525 antiquior
706 1439 873 1502 diceretur.
888 1438 951 1503 Sed
964 1438 1189 1524 corrigendum
1202 1461 1268 1503 esse
1279 1449 1346 1502 tex-

329 1561 399 1614 tum
424 1548 602 1636 Gregoryus
626 1561 709 1614 recte
732 1549 903 1616 annotavit.
924 1551 1003 1615 Nam
1027 1551 1166 1616 Serenus
1185 1549 1347 1616 recentior

329 1673 376 1728 est
388 1661 595 1752 Archimede,
608 1662 708 1726 immo
722 1673 753 1728 et
765 1660 934 1749 Apollonio
945 1663 1084 1749 Pergaeo,
1100 1685 1198 1748 quem
1213 1661 1346 1727 laudat⁵

330 1787 361 1842 et
373 1777 423 1862 cuj
428 1799 465 1838 us
479 1775 591 1840 Corsico
605 1775 841 1842 commentariis
856 1775 1027 1842 illustrasse
1037 1797 1070 1840 se
1080 1775 1219 1844 innuitt.
1231 1775 1347 1840 Sereni

329 1899 437 1952 autem
449 1869 635 1952 Lemmotum
650 1889 846 1952 mentionem
860 1887 946 1974 apud
959 1887 1108 1974 antiquos
1121 1887 1245 1952 nullam
1257 1888 1346 1952 inve-

329 2001 446 2092 nimus.
462 2001 498 2065 Id
511 2024 585 2066 vero
598 2023 663 2065 non
677 1999 999 2087 praetermittendum,
1015 1999 1173 2064 Serenum
1187 1999 1220 2062 in
1235 1999 1346 2064 codice

286 2199 289 2213 ‚
329 2125 436 2179 nostro
446 2115 650 2201 philosophum
663 2114 740 2187 dici:
755 2137 814 2180 nec
823 2113 1036 2200 improbabile
1049 2123 1108 2185 est,
1120 2123 1157 2176 ut
1170 2110 1345 2178 Adrastum

329 2209 533 2292 etTheonem
541 2227 755 2313 Smyrnaeum,
764 2227 809 2292 sic
817 2249 892 2290 eum
900 2223 1236 2290 etiammathematicae
1245 2224 1343 2288 simul

329 2348 360 2405 et
371 2337 581 2424 philosophiae
592 2337 757 2405 studuisse,
772 2335 870 2424 Atqui
882 2338 1019 2431 Ioannes
1031 2337 1193 2402 Stobaeus⁷
1203 2359 1220 2400 e
1231 2337 1343 2403 Sereni

329 2449 496 2537 cujusdam
515 2448 825 2537 Aroponposcopdsoo
839 2449 942 2514 multa
959 2449 1071 2536 allegat
1086 2449 1264 2520 variorum,
1285 2449 1344 2536 qui
1368 2515 1373 2525 ,

328 2561 412 2628 inter
431 2563 573 2644 Thaletis
597 2573 627 2628 et
648 2562 807 2650 Antipatri
830 2560 1007 2626 Macedonii
1030 2571 1152 2628 aetatem
1175 2560 1343 2632 vixerunt,
1406 2611 1409 2618 ,

328 2673 500 2739 hominum
524 2685 554 2740 et
575 2676 735 2762 praecipue
757 2674 1022 2762 philosophorum
1049 2673 1181 2740 moralia
1199 2672 1344 2738 dicteria.

370 2881 376 2910 ¹
397 2878 465 2930 Cum
479 2878 610 2952 Apollonii
624 2879 720 2955 Pergsei
732 2877 876 2931 (ionicorum
888 2877 961 2932 libris
975 2877 1107 2952 prioribus
1121 2887 1242 2950 quatuor.
1257 2877 1345 2930 Bono·

329 2973 590 3038 nassonia-rot.
940 2962 942 2969 ⁴

367 3067 376 3098 ²
397 3066 427 3118 ln
444 3064 512 3118 Uria.
521 3085 598 3140 pacm.
610 3065 726 3138 micctque
735 3065 807 3119 malls.
819 3066 927 3139 synopsi,
940 3085 964 3140 p.
979 3066 1110 3120 ars-328.
1123 3065 1241 3126 Parisiis,
1257 3069 1345 3128 ιθίιίι,

329 3160 404 3216 inid.
1062 3167 1064 3172 '

366 3259 375 3286 ³
397 3255 427 3306 ln
443 3252 572 3329 Apollonii
587 3255 683 3326 Pergaei
697 3249 814 3328 Operum
828 3266 846 3308 t.
860 3256 906 3308 lll.
919 3255 1038 3318 Oroniae,
1054 3274 1137 3325 1710,
1151 3253 1239 3306 in-fol.

333 3407 335 3410 ,
366 3349 376 3380 ¹²
396 3347 500 3402 Euclid.
516 3347 596 3422 opor.
611 3368 637 3421 p.
654 3349 705 3419 457
718 3348 758 3402 od.
770 3349 874 3405 Davidis
886 3349 1019 3422 Gregoryi.
1034 3341 1153 3426 Oleniae,
1169 3349 1344 3420 1703,in·lol.

368 3446 376 3474 ⁵
397 3441 455 3496 Lib,
470 3443 495 3506 l,
509 3461 584 3516 prop.
601 3445 642 3496 18.

367 3539 376 3564 ὓ
397 3533 456 3588 Lib.
469 3533 494 3596 Ι,
509 3553 584 3608 prop.
601 3535 641 3587 16.

367 3630 376 3660 ⁷
397 3625 484 3680 Floril.
498 3627 588 3690 V,d6·,
602 3630 763 3700 t7‚82;vl,
775 3629 823 3693 33,
836 3631 883 3692 36,
895 3635 945 3700 [193
962 3631 1038 3694 Xlll,
1054 3633 1101 3694 28,
1117 3649 1164 3700 29,
1178 3635 1226 3691 ln,
1243 3629 1345 3692 XXIX,

329 3725 379 3792 963
399 3722 520 3786 XXXIX,
542 3742 589 3794 ²7³
608 3723 714 3785 XLVII,
738 3743 784 3786 ao,
802 3725 886 3786 LXll,
905 3725 951 3788 [183
972 3725 1081 3787 LXXll,
1103 3727 1149 3785 15,
1168 3723 1272 3784 LXXV,
1297 3743 1345 3787 ¹¹3

329 3815 436 3880 LXXX,
452 3819 482 3880 5·,
498 3825 525 3868 et
535 3817 667 3878 LXXXII,
686 3837 727 3870 ιο.
