3016 4826
347 431 409 492 396
603 428 790 492 GEOllGll
813 431 1098 494 PACHYMERIS

346 553 480 637 tiumque
491 554 579 612 etiarn
588 564 670 614 motu
679 555 708 612 in
719 552 934 634 longitudinem
946 563 975 612 et
986 554 1017 613 in
1030 553 1153 635 spiram,
1165 575 1199 612 ac
1206 553 1244 614 de
1255 549 1355 616 ortica-

347 676 406 715 rum
418 676 492 738 quas
507 666 610 716 vocant
628 655 834 737 amplitudinem
849 657 1025 730 mutatione,
1040 677 1074 716 ea
1093 655 1286 740 pachymeres
1304 660 1354 718 ite-

345 779 412 818 rum
432 758 548 840 plenius
569 769 599 820 et
620 759 726 820 clarius
747 760 834 827 dicit,
857 781 922 842 quae
938 761 1001 842 jam
1023 761 1054 818 in
1074 759 1236 842 fragmento
1257 762 1354 844 primo

345 863 543 922 inveniuntur.
562 861 620 924 Sed
637 863 783 924 immerito
802 861 896 923 credit
913 861 1061 923 stellarum
1080 863 1273 926 inerrantium
1293 885 1355 924 om·

346 965 429 1024 nium
442 966 595 1027 communi
609 964 646 1026 alr
659 961 840 1049 [equinoctiis
854 967 997 1026 orientem
1013 987 1114 1026 versus
1129 967 1293 1028 recessione
1311 966 1354 1026 id·

344 1067 421 1128 circo
440 1079 552 1131 mutata
570 1089 630 1129 non
650 1089 791 1152 apparere
809 1069 871 1152 ipsa
889 1089 991 1130 eurum
1010 1069 1087 1128 inter
1107 1087 1170 1128 sese
1190 1066 1355 1136 intervalla,

343 1171 424 1251 quod
438 1184 536 1233 motus
551 1171 600 1232 ille
613 1173 775 1234 lentissime
788 1169 840 1232 fiat
855 1197 861 1229 ι
875 1171 928 1256 qui
942 1181 1057 1235 contre,
1077 1171 1102 1231 si
1121 1170 1167 1232 vel
1186 1171 1355 1233 celerrimus

343 1272 431 1343 foret,
447 1295 634 1359 nequaquam
649 1286 748 1335 temen
763 1295 798 1335 ea
810 1284 939 1334 mutaret
952 1271 1118 1342 intervalla,
1132 1293 1199 1356 quaa
1218 1272 1356 1334 nonnihil

342 1376 478 1457 quidem,
494 1377 546 1440 sed
560 1377 624 1438 aliis
638 1399 672 1437 ac
685 1377 761 1439 veris
775 1376 924 1438 stellarum
936 1396 1037 1437 eurum
1052 1374 1180 1435 motibus
1192 1395 1292 1437 recens
1304 1375 1355 1436 de·
1383 1437 1389 1460 Ι

343 1499 427 1538 mum
446 1479 617 1550 observatis,
633 1492 795 1542 mutentur.
812 1481 889 1542 Tum
904 1479 1096 1562 Pachymerea
1114 1480 1206 1540 Lunae
1225 1490 1254 1540 et
1270 1481 1356 1562 quin·

342 1599 401 1660 que
413 1579 562 1642 stellarum
572 1583 733 1643 errantium
742 1594 840 1644 motus
850 1584 1014 1665 apparentis
1025 1581 1062 1641 ad
1078 1580 1233 1642 orientales
1247 1580 1355 1642 mdiaci

343 1694 438 1763 partes
453 1684 583 1746 mediam
596 1685 735 1746 diurnam
749 1686 940 1769 quantitatem
956 1705 1015 1748 non
1030 1697 1178 1754 accurate,
1194 1684 1247 1746 sed
1260 1683 1355 1768 plenis

343 1796 458 1860 tentum
473 1787 725 1870 sexagesimelium
739 1787 846 1871 gradus
860 1789 986 1870 partium
1002 1789 1133 1848 numeris
1148 1786 1268 1848 indicet.
1330 1827 1332 1834 ι

385 1889 525 1964 Quamvis
538 1912 597 1952 non
613 1891 715 1960 semel,
727 1891 883 1952 Ptolemaeo
896 1891 984 1961 duce,
998 1889 1119 1952 dixerit¹
1133 1889 1208 1952 Solis
1219 1901 1354 1951 centrum

259 2054 261 2060 ,
342 2013 377 2052 ex
388 1992 520 2076 ecliptico
533 1993 644 2055 circulo
658 2015 845 2076 nequaquam
860 1994 1023 2062 discedere,
1032 1994 1149 2054 Lunam
1163 2015 1232 2055 vero
1247 1991 1356 2054 stelles·

341 2108 536 2177 queerrantes
547 2098 679 2180 quinque
692 2099 723 2157 in
735 2096 919 2158 latitudinem
932 2097 1056 2166 moveri,
1064 2097 1095 2155 in
1107 2095 1163 2156 hcc
1175 2106 1277 2157 contra
1290 2095 1355 2157 loco

342 2199 412 2259 dicit
426 2201 542 2260 Lunum
551 2202 634 2285 mapis
646 2223 728 2283 quom
738 2201 828 2263 sotem
839 2201 877 2262 ab
889 2199 1021 2282 ecliptico
1034 2199 1143 2260 circulo
1156 2198 1306 2260 discedere
1317 2198 1356 2258 ad

327 2301 552 2383 ¹aquilonem'et
571 2303 607 2363 ed
628 2315 777 2370 austrum
792 2304 832 2363 itu
847 2314 880 2363 ut
898 2303 1039 2371 videatur,
1059 2323 1129 2362 cum
1145 2301 1281 2369 Eudoxo,
1297 2300 1354 2362 Pli-

343 2404 402 2472 nio,
412 2403 544 2474 Adrasto,
556 2406 675 2467 Tlreone
686 2406 844 2488 Smyrnaeo,
855 2404 1006 2466 chalcidio
1017 2417 1046 2466 et
1052 2404 1199 2465 Martiano
1207 2400 1322 2485 Capella
1332 2400 1353 2472 ¹,

343 2507 520 2569 nonnullum
539 2521 664 2571 statuere
683 2509 758 2572 Solis
774 2520 888 2570 motum
902 2529 937 2568 ex
952 2506 1086 2589 ecliptico
1105 2507 1135 2565 in
1154 2505 1354 2566 latitudinem.

384 2610 554 2670 Errantium
568 2623 666 2672 autern
677 2622 823 2672 astrorum
838 2621 935 2671 motus
951 2608 1190 2692 inequalitatem,
1203 2607 1354 2668 stationes·

341 2733 400 2793 que
419 2725 448 2773 et
469 2711 662 2797 retrogressus
677 2735 730 2797 per
744 2713 900 2797 equabiles
914 2715 945 2772 in
960 2711 1096 2796 epicyolis
1115 2723 1144 2770 et
1163 2710 1354 2771 concentricis

342 2816 457 2876 circulis
473 2828 569 2877 motus
582 2815 690 2878 Graecis
702 2827 819 2876 tantum
833 2817 938 2899 exponi
957 2813 1044 2880 dicit,
1058 2811 1109 2874 sed
1122 2813 1225 2873 ceteris
1239 2810 1355 2894 populis

342 2939 394 3000 pro
413 2919 498 2980 variis
518 2940 616 2980 revera
636 2915 798 2980 coelestium
814 2940 968 3001 corporum
989 2915 1189 2976 affectionibus
1208 2925 1237 2976 et
1257 2926 1355 2975 motus

343 3021 553 3082 mutationibus
567 3021 669 3084 haberi
686 3048 692 3080 ε
708 3023 789 3105 quod
802 3023 838 3083 de
853 3021 995 3083 Chaldreis
1011 3020 1111 3080 saltem
1127 3040 1229 3081 verum
1248 3017 1354 3087 fuisse,

341 3144 409 3182 cum
425 3123 546 3186 Adrasto
560 3138 590 3186 et
602 3125 725 3187 Theone
739 3125 887 3208 Smyrnaeo
896 3122 915 3193 ³,
930 3123 1085 3185 credimus.
1099 3121 1269 3182 Notandum
1284 3141 1356 3202 proe-

342 3238 431 3294 terea,
452 3225 567 3288 Adrasti
588 3229 766 3311 peripatetici
785 3227 932 3310 exemplo,
954 3225 1175 3309 peripateticum
1195 3222 1354 3306 Pachyme-

342 3349 404 3389 rem
424 3333 585 3392 errantium
604 3331 753 3393 stellarum
773 3330 915 3414 epicyclos
935 3331 1126 3391 concentricis
1147 3327 1277 3394 circulis,
1298 3347 1354 3386 nee

342 3451 409 3490 vero
421 3433 603 3500 excentricis,
618 3446 650 3494 ut
663 3433 729 3494 fecit
743 3434 927 3500 Ptolemaeus,
945 3433 1131 3514 imposuisse,
1148 3442 1176 3492 et
1191 3429 1352 3492 concentri-

341 3553 389 3592 cos
405 3533 509 3594 dixisse
526 3538 707 3616 ἐγκέντρους.

376 3691 381 3717 ¹
400 3689 459 3740 eod.
470 3693 545 3748 2338,
557 3692 598 3742 sol.
613 3695 658 3742 236
670 3693 720 3749 od,
732 3692 772 3742 sol.
791 3712 834 3756 ²7²
847 3711 874 3745 o,
890 3691 929 3742 sol.
945 3695 990 3756 ²93
1004 3711 1033 3748 c,
1046 3701 1090 3741 etc.

374 3775 383 3800 ²
399 3773 458 3824 Vide
469 3773 529 3825 Dies.
543 3785 627 3825 nostres
639 3786 698 3844 part.
710 3778 743 3832 ll,
753 3795 772 3825 c.
784 3794 820 3832 tv,
835 3776 845 3823 l
860 3780 882 3826 8.

376 3859 385 3885 ³
400 3860 488 3908 druna.
503 3878 523 3909 e.
533 3879 583 3910 rrx.
