2964 4824
460 411 515 474 DE
539 411 837 474 ASTRONOMIA.
1090 413 1151 476 att

147 540 311 616 voverint,
332 534 462 608 favente
482 542 633 632 ipsorum
656 541 800 632 regionis
820 552 953 619 natura,
974 537 1152 636 Babylonii

146 656 366 752 Chaldaeique
385 673 419 728 et
436 658 599 754 AEgypffi,
619 657 796 754 diligenter
813 661 978 754 principia
996 658 1153 754 quaedam

146 793 181 849 et
194 779 396 874 hypotheses
409 779 620 877 quaerebant,
635 778 758 876 qaiihus
775 795 1002 852 consonarent
1016 781 1154 877 phaeno-

147 925 263 982 mena;
278 915 312 971 et
325 900 392 972 hoc
405 901 545 996 quidem
557 900 662 971 modo
676 899 710 970 id
725 901 939 982 obtinebant,
953 915 991 972 ut
1004 901 1046 974 de
1060 904 1154 997 prius

147 1025 290 1093 inventis
300 1021 494 1118 judicarent
507 1045 546 1091 ac
563 1019 676 1090 sutura
688 1021 927 1116 praeviderent,
939 1021 975 1092 hi
991 1021 1153 1118 quasdam

148 1141 387 1222 arithmeticas,
403 1157 441 1212 ut
454 1141 619 1222 Chaldaei,
635 1141 829 1222 methodos,
844 1143 892 1222 itti
909 1145 1009 1213 etiam
1023 1167 1155 1237 geome

86 1267 88 1270 ’
148 1267 263 1341 tricas,
287 1278 327 1334 ut
347 1263 508 1360 AEgyptii‚
529 1263 747 1342 adhibentes,
767 1267 896 1344 cuncti,
921 1266 993 1333 sine
1012 1264 1155 1336 naturali

149 1387 304 1465 scientia,
330 1384 534 1480 imperfectis
561 1400 692 1456 utentes
715 1384 900 1464 methodis,
925 1411 1033 1480 quum
1055 1385 1154 1456 simui

151 1509 252 1576 etiam
264 1505 399 1602 physice
413 1505 456 1577 de
469 1509 507 1576 iis
520 1506 706 1601 disceptare
719 1520 893 1601 oporteat:
907 1506 1002 1601 quod
1015 1506 1154 1602 quidem

150 1627 198 1697 ilii
208 1631 266 1721 qui
276 1627 366 1722 apud
377 1627 511 1698 Graecos
524 1630 738 1698 astronomiae
747 1626 951 1698 studuerunt
958 1625 1069 1698 iacere
1077 1641 1156 1698 sunt

149 1751 275 1828 conati,
295 1747 337 1818 ab
355 1751 518 1818 extraneis
532 1749 596 1818 illis
610 1763 781 1820 sumentes
796 1751 958 1843 principia
973 1762 1008 1818 et
1021 1748 1156 1843 phaeno-

149 1893 331 1938 menornm
353 1869 620 1951 observationes,
641 1873 727 1939 sicut
746 1883 779 1938 et
798 1868 893 1939 Plato
916 1872 950 1937 in
975 1867 1156 1964 Epinomt'de

146 1988 311 2070 declarat,
325 2005 359 2059 et
370 1991 471 2085 paulo
484 1995 560 2084 post
568 1991 698 2061 clarum
709 1993 788 2069 erit,
800 1991 905 2060 allatis
917 1993 1019 2083 ipsius
1032 1989 1153 2062 verbis.

553 2200 651 2256 [aaron
667 2200 752 2255 axam

266 2291 465 2341 naisrorans
481 2293 599 2349 onam,
620 2292 812 2357 [nonoxtooa
832 2292 1047 2358 aperturam

201 2453 394 2526 Aristoteles
408 2459 508 2524 etiam
518 2460 552 2524 in
564 2455 656 2526 libris
672 2455 720 2526 De
733 2455 821 2538 caclo,
836 2457 1037 2552 generaliter
1049 2455 1155 2524 multa

149 2577 281 2646 iocatus
304 2576 347 2646 de
369 2579 478 2657 astris,
502 2591 681 2672 postquam
703 2576 848 2648 ostendit
869 2599 980 2672 neque
1003 2580 1072 2670 ipsa
1094 2601 1156 2670 per

150 2700 325 2792 quiescens
339 2696 417 2768 ferri
430 2698 616 2770 aedtereum
630 2723 767 2792 corpus,
782 2722 892 2791 neque
906 2723 985 2768 cum
999 2701 1072 2793 ipso
1085 2722 1154 2768 sese

152 2911 322 2980 sequuntur,
346 2899 429 2959 uncis
451 2899 576 2966 inclusa,
598 2897 682 2958 titulo
701 2897 875 2958 addidimus.
897 2897 1056 2958 Aristotelis
1076 2899 1155 2958 enim

153 2999 296 3080 opinionis
311 3000 466 3061 declaratio
480 3000 594 3061 Eudoxi
608 3013 637 3062 et
650 2999 774 3084 Callippi
789 3000 963 3082 opinionum
980 3001 1155 3061 enarrationi

152 3103 192 3161 ita
204 3103 334 3162 immixta
348 3117 403 3172 est,
420 3116 452 3164 ut
467 3116 600 3164 nostrum
615 3103 671 3164 hoc
684 3114 771 3185 caput
784 3103 815 3162 in
828 3103 883 3162 tria
894 3103 988 3184 capita
1001 3103 1056 3164 sub
1070 3125 1156 3187 pecu·

152 3202 273 3264 liaribus
287 3205 377 3264 titulis
387 3205 541 3266 commode
553 3205 644 3265 dividi
659 3226 718 3265 non
727 3205 853 3287 potuerit
867 3229 873 3264 :
885 3205 965 3288 quod
979 3216 1090 3272 tamen,
1104 3205 1156 3266 sed
1262 3254 1264 3258 .

152 3303 245 3372 male,
262 3307 292 3364 in
306 3307 404 3366 codiee
418 3307 526 3368 sactum
541 3319 596 3376 est,
612 3307 770 3368 scholiastae
784 3306 906 3390 alicujus
921 3319 971 3368 aut
987 3306 1098 3368 librarii
1113 3308 1156 3366 in-

151 3407 272 3468 dustria.
288 3407 381 3490 Caput
393 3409 448 3470 hoc
462 3431 528 3470 xxxi
544 3411 574 3470 in
594 3409 735 3470 Chalcidii
749 3409 879 3470 versione
893 3408 982 3468 latina
995 3409 1078 3470 valde
1092 3430 1155 3468 eor·

152 3521 274 3593 ruptum
289 3521 318 3570 et
331 3511 468 3572 mutilum
477 3513 592 3594 iegitur,
608 3514 638 3572 in
651 3533 709 3595 qua
718 3513 811 3596 capita
823 3531 917 3581 xxxia,
928 3529 1019 3572 xxxin
1032 3522 1154 3572 atmtv

151 3614 258 3674 omissa
272 3624 348 3673 sunt.
364 3613 407 3674 De
420 3625 484 3675 toto
494 3614 550 3676 hoo
565 3616 656 3698 capite
668 3635 749 3684 xxxi,
767 3613 832 3674 vide
843 3613 1041 3674 dissertationis
1051 3624 1157 3674 nostras

151 3716 410 3800 part.ll,c.111‚S
429 3717 693 3785 h‚etc.1v‚ii7.

195 3819 204 3848 ⁸
228 3818 269 3878 De
283 3818 362 3886 colo,
379 3819 417 3886 li,
435 3820 463 3881 8.
476 3819 537 3865 -⁷
560 3821 594 3880 ln
610 3821 708 3882 codice
722 3819 934 3904 danpepoitrros.

974 3939 1010 3991 18
