2958 4824
470 393 525 454 DE
547 391 843 456 Asuuortotsst.
1096 391 1159 454 tut

155 520 199 590 ud
216 549 246 588 α.
267 519 407 592 Clarum
425 533 475 588 est
485 543 572 621 ergo
589 518 661 590 sore
684 533 736 598 ut,
757 519 801 588 ita
820 517 963 596 delatus,
984 517 1160 592 celerrime

155 639 310 712 videatur
324 644 457 712 moveri
472 643 560 711 circa
575 640 753 718 Geminos,
769 637 958 710 tardissime
974 662 1055 708 vero
1074 641 1159 707 eirca

157 761 382 856 Sagittarium.
403 761 471 832 Sed
487 763 694 835 contrarium
713 773 862 854 apparet.
882 759 971 830 Fieri
989 781 1069 856 ergo
1089 781 1159 830 non

116 856 118 866 Δ
156 897 269 977 potest
288 895 340 962 ut,
366 883 450 953 dum
473 883 618 954 circulus
640 885 709 976 ipse
733 881 768 950 in
792 873 873 967 μονξ
889 879 1006 950 circuli
1032 877 1162 950 ambitu

157 1019 318 1076 movetur
333 1008 369 1074 in
387 1007 593 1074 contrariam
609 1007 767 1082 uniuerso
788 1016 936 1095 partem,
956 1001 1014 1072 Sol
1036 1005 1105 1096 ipse
1126 1005 1161 1072 in

158 1127 310 1221 epioyclo
325 1101 656 1205 moveameodem,
671 1147 741 1218 quo
757 1125 829 1202 ille,
843 1147 973 1200 versus,
991 1135 1024 1191 et
1034 1137 1164 1193 contra-

158 1250 227 1327 rio,
246 1261 346 1343 atque
363 1250 577 1326 universum,
598 1260 704 1316 motu.

212 1369 469 1464 Superestergo
491 1384 546 1451 ut,
570 1368 652 1438 dum
672 1369 841 1464 epicyelus
860 1381 1017 1436 movetur
1033 1371 1066 1434 in
1086 1391 1165 1436 con-

160 1494 296 1560 trariam
318 1493 475 1560 universo
494 1505 641 1585 partem.
661 1489 774 1560 Solin
795 1488 937 1584 epicycli
961 1487 1093 1558 ambitu
1116 1487 1163 1557 fe*

160 1626 254 1681 ratur
271 1611 408 1691 eodem,
429 1636 498 1704 quo
522 1615 716 1691 incruentis,
737 1633 876 1680 versus:
898 1613 943 1678 sie
967 1613 1058 1680 enirn
1077 1610 1165 1682 salve

159 1747 259 1804 erunt
287 1733 527 1828 pbaenomena.·
554 1729 737 1812 Videlicet,
765 1731 917 1802 delatum
942 1734 984 1801 sit
1008 1733 1165 1800 centrum

159 1855 299 1949 epicyeli
318 1879 380 1949 per
398 1869 552 1949 quartam
574 1852 720 1928 ambitus
744 1868 877 1948 partem
893 1856 929 1922 in
949 1855 1165 1925 concentr'ico

159 1976 288 2046 eiretdo
316 1999 433 2046 arcum
459 2004 514 2062 μο,
542 1989 575 2044 et
605 1999 719 2044 secum
746 1973 953 2044 transtulerit
978 1974 1167 2068 epicyclum
1271 2003 1303 2044 rt

160 2100 196 2164 in
214 2107 276 2177 λπ;
302 2097 361 2166 Sol
384 2111 497 2167 autem
521 2099 556 2164 in
580 2095 730 2190 epicyelo
751 2117 907 2166 emensus
927 2094 1029 2164 suerit
1050 2119 1167 2164 arcum

123 2194 127 2210 ⁵
161 2245 197 2286 εκ
224 2219 369 2288 similem
396 2249 402 2286 :
430 2221 493 2288 erit
516 2243 596 2312 ergo
622 2218 679 2288 Sol
703 2219 738 2286 in
761 2228 796 2296 λ,
822 2232 855 2286 et
879 2217 1053 2312 apparebit
1071 2216 1168 2288 nobis

162 2341 197 2405 in
212 2363 248 2417 σ,
265 2353 419 2432 quartam
436 2342 564 2433 proprii
579 2339 697 2408 circuli
711 2353 843 2432 purtem
859 2361 1016 2410 emensus
1034 2363 1167 2422 arcum;

162 2461 197 2526 in
217 2457 357 2530 zodiaco
381 2475 494 2530 autem
514 2458 688 2530 videbitur
702 2462 872 2528 minorem
892 2463 1096 2552 percurrisse
1119 2481 1171 2530 ar-

162 2604 242 2648 cum
261 2609 320 2661 ασ,
341 2596 375 2650 et
394 2581 485 2652 lente
504 2580 596 2650 abire
621 2607 639 2650 a
661 2595 789 2675 puncto
813 2611 842 2650 α.
862 2580 989 2650 Rursus
1013 2597 1169 2652 centrum

162 2727 179 2770 o
198 2703 396 2772 translatum
416 2703 516 2772 luerit
534 2727 596 2796 per
614 2717 770 2796 ¹quartam
793 2701 937 2772 ambitus
964 2716 1094 2794 partem
1118 2729 1169 2773 nr-

162 2848 242 2892 cum
261 2851 310 2902 ov,
333 2838 366 2893 et
384 2824 442 2893 Sol
462 2849 523 2916 per
540 2825 685 2893 similem
705 2825 844 2918 epicycli
864 2849 981 2892 arcum
999 2833 1044 2891 λπ
1063 2839 1170 2927 :tunc

163 2947 225 3014 erit
248 2947 282 3012 in
308 2975 324 3013 υ
346 2959 379 3013 et
398 2945 573 3040 apparebit
591 2949 625 3014 in
649 2977 682 3034 y,
711 2943 947 3039 videbiturque
969 2959 1080 3013 motus
1101 2970 1170 3014 esse

163 3089 225 3156 per
241 3065 307 3154 067
322 3091 438 3134 arcum
456 3065 596 3144 zodiaci,
613 3070 777 3160 majorem
797 3091 899 3160 quam
920 3081 1051 3158 purtem
1071 3091 1169 3160 quar-

207 3192 215 3220 ⁵
238 3191 271 3250 In
286 3193 384 3253 codiee
398 3193 516 3253 κύκλου.
533 3193 591 3254 Sed
607 3193 894 3274 legendumrrlrultor.

92 3356 98 3361 ,
205 3293 214 3323 ⁶
238 3293 272 3352 ln
287 3294 384 3353 codice
398 3301 432 3354 τὸ
445 3281 470 3353 ν’.

205 3395 215 3426 ⁷
237 3396 272 3455 In
293 3397 390 3458 codice
409 3401 452 3456 τὸ.
471 3397 529 3459 Sed
544 3399 717 3460 subauditur
737 3399 907 3466 ἐπίκυκλον,
929 3419 982 3458 vox
1000 3399 1168 3458 masculina.

206 3499 215 3528 ⁸
238 3500 271 3558 ln
287 3499 385 3559 codice
399 3501 473 3562 Solis
488 3503 614 3584 signum.
631 3504 704 3564 Vide
719 3503 788 3562 Teb.
806 3525 836 3571 rt,
853 3511 885 3561 n⁰
904 3525 948 3561 tr.

204 3602 214 3630 ⁹
235 3601 269 3660 In
285 3600 383 3662 codice
399 3601 472 3662 Solis
488 3605 613 3684 signum.
630 3603 702 3664 Vide
716 3605 786 3664 Tab.
805 3626 835 3672 s,
851 3613 883 3664 η·
903 3627 947 3684 rr.

196 3703 215 3782 ’,ο
238 3703 272 3760 ln
287 3703 385 3762 codice
400 3703 444 3764 λτ.
862 3727 864 3732 ’

196 3804 226 3884 Η,
239 3806 271 3864 ln
288 3806 385 3866 codice
400 3812 580 3868 κεκινεῖσθαι.
