2992 4822
486 422 540 484 DE
564 423 864 486 ASTRONOMIA.
1143 427 1177 486 17

168 561 287 616 auctor.
303 549 367 616 Sed
380 548 481 620 ,altera
496 548 620 636 opinio,
639 549 730 614 nobis
741 548 875 636 quidem
892 547 1087 636 probabilior
1097 549 1178 622 visa,

170 687 208 730 eo
218 665 313 730 etiam
326 662 543 734 confirmatur,
558 661 634 748 quia
644 661 756 749 capitis
767 661 853 726 illius
864 661 972 728 ultimi
983 683 1057 750 pars
1067 661 1180 728 ultima

170 787 243 850 ante
256 775 540 850 clausulamdeest3
555 797 631 840 nam
639 775 841 848 medietatam,
853 797 993 861 quarum
1002 795 1118 862 genera
1127 795 1180 840 sex
1235 773 1238 780 ’

171 891 382 964 enumeravit,
399 901 462 954 tres
474 888 595 978 primas
613 898 739 952 tantum
756 888 942 953 inveniendi
955 887 1112 952 rationem
1128 887 1181 954 do·

169 1013 219 1066 cet
233 1003 268 1066 in
285 1003 355 1076 illo,
371 1001 466 1088 quale
481 1023 570 1064 nunc
582 1011 642 1070 est,
661 1000 773 1086 capite.
792 999 907 1087 Operis
921 1011 1029 1064 autem
1040 999 1122 1064 liber
1133 999 1183 1065 De

169 1119 364 1186 noonomia,
385 1114 446 1178 hac
466 1112 607 1176 clausula
627 1111 809 1184 nuntiatus,
830 1111 899 1176 sine
920 1111 986 1176 ullo
1008 1112 1184 1198 praeloquio

169 1227 298 1312 incipit,
319 1247 418 1311 quem
438 1245 495 1288 nos
512 1246 529 1287 e
546 1223 654 1288 codice
669 1223 838 1300 Parisiensi
853 1245 941 1288 nunc
956 1224 1101 1312 primum
1119 1224 1184 1290 edi-

170 1359 253 1400 mus.
270 1338 310 1399 Et
325 1336 360 1398 in
382 1335 469 1399 illins
485 1334 550 1400 fine
567 1345 612 1398 est
626 1335 806 1422 Epilogus1‚
823 1336 976 1422 quintum
992 1337 1114 1402 librum
1133 1337 1183 1400 De

171 1449 406 1512 mandemusna
426 1447 592 1519 nuntians,
614 1469 713 1534 quem
730 1471 748 1512 e
769 1448 938 1535 Thrasyllo
956 1449 1134 1536 praesertim
1150 1471 1183 1514 se

171 1560 384 1646 composuisse
398 1559 515 1624 fatetur
529 1559 658 1632 Theon,
679 1559 762 1624 sicut
773 1560 844 1646 jam
859 1561 894 1624 in
911 1560 1017 1647 primo
1032 1561 1133 1626 libro²
1150 1584 1184 1628 se

169 1671 331 1736 facturum
347 1672 512 1744 innuerat,
525 1682 557 1736 et
569 1671 726 1736 nonnulla
739 1683 847 1736 tamen
860 1672 901 1736 de
913 1672 1112 1760 sphaerarum
1126 1695 1183 1738 cea-

169 1783 298 1850 lestium
310 1784 480 1849 harmonia
492 1806 550 1871 per
562 1806 628 1848 sese
640 1783 712 1872 ipse
721 1783 931 1852 elaboravisse
944 1784 1141 1873 profitetur³.

646 1965 704 2022 55.

216 2119 311 2196 Quod
339 2139 413 2184 vero
440 2119 553 2184 dicunt
579 2118 777 2184 Bullialdun
802 2131 834 2186 et
859 2121 1060 2195 Delamhre⁵,
1087 2122 1182 2188 totius

170 2231 311 2296 Theonis
327 2231 431 2316 operis
446 2231 677 2320 compendium
693 2232 805 2298 heberi
823 2233 857 2298 in
874 2233 969 2298 Pselli
989 2233 1183 2321 Syntapmote

171 2343 384 2408 mathematice
407 2348 552 2417 scientie,
576 2343 610 2410 id
632 2344 698 2410 veri
720 2344 802 2408 nihil
822 2344 927 2411 hahet.
950 2345 1072 2414 Psellus
1094 2347 1183 2412 enim

171 2456 303 2520 omnino
316 2456 398 2520 nihil
409 2479 521 2522 eorum
534 2456 679 2529 adhibet,
694 2479 766 2544 quae
777 2457 903 2522 Theoni
915 2457 1082 2545 Smyrnaeo
1092 2481 1183 2546 pecu·

170 2567 261 2636 liaria
274 2580 358 2633 sunt.
373 2569 408 2632 ln
424 2568 637 2633 Arithmetico⁶
650 2569 780 2633 nullum
791 2570 882 2636 affert
894 2581 1071 2644 auctorem,
1085 2583 1119 2636 et
1130 2572 1183 2638 de·

170 2701 240 2746 cem
256 2687 411 2768 ἀναλογίαε
427 2693 608 2754 enumerat,
626 2703 698 2767 qnae
716 2682 844 2746 Nostro⁷
860 2692 935 2746 sunt
947 2705 1000 2748 sex
1013 2683 1183 2772 praecipuae

169 2815 245 2862 cum
258 2816 311 2861 sex
321 2793 496 2866 contrariis.
510 2791 645 2860 Masicen
655 2817 727 2860 eam
737 2816 809 2881 quae
816 2794 851 2858 in
862 2795 1006 2862 numeris
1014 2807 1061 2861 est
1070 2806 1183 2862 tractat

170 2909 209 2972 ab
227 2905 426 2972 arithmetica
441 2905 592 2982 seorsim,
611 2918 642 2971 et
657 2907 698 2972 de
714 2928 750 2972 ea
767 2906 896 2972 nullum
912 2907 987 2974 citat
1003 2919 1180 2982 auctorem,

208 3171 216 3200 ¹
238 3168 293 3221 Fol.
311 3171 344 3222 28
359 3169 381 3221 b.

208 3261 218 3290 ¹
236 3259 274 3312 De
286 3259 392 3322 musice,
405 3279 428 3314 c.
440 3277 464 3323 1,
474 3278 501 3333 p.
517 3259 611 3332 73743
624 3271 650 3314 et
660 3279 682 3314 e.
699 3277 790 3325 mer,
801 3281 827 3335 p.
843 3263 963 3320 manto
974 3261 1108 3318 Rulliani.

209 3353 219 3383 ⁸
238 3351 334 3405 Astron.
348 3351 458 3426 Epilog,
473 3351 518 3405 sol.
534 3353 567 3406 28
582 3352 605 3404 h.

93 3517 96 3520 Ι
209 3444 219 3475 ⁴
238 3444 269 3497 Iu
282 3444 396 3498 Theonis
409 3443 571 3500 Arithmetice
580 3445 708 3510 editione,
719 3445 759 3500 Ad
770 3447 895 3509 lectorem,
906 3468 932 3522 p.
944 3468 969 3518 7.

208 3541 218 3569 ⁶
238 3535 345 3590 Histoire
354 3537 384 3590 de
393 3537 555 3594 l'astronomie
567 3539 697 3602 ancienne,
707 3552 726 3594 t.
738 3542 776 3601 II,
790 3561 820 3616 p.
830 3542 894 3597 638.

209 3633 218 3662 ⁶
239 3629 331 3692 Paelli,
346 3631 383 3684 De
396 3633 687 3703 quotuor'mnthemoticis
701 3633 822 3697 scientiis,
835 3656 861 3710 p.
877 3635 949 3690 ι-πὸ.
964 3635 1081 3698 Basileae,
1097 3636 1180 3699 1554.

169 3743 254 3780 rnna.

208 3822 216 3851 ⁷
237 3817 301 3874 Mus.
317 3837 339 3872 e.
351 3835 380 3882 n,
394 3837 419 3891 p.
439 3820 553 3892 roh-167
569 3819 701 3874 Bullialdi.

1011 3937 1026 3984 2
