3016 4826
387 426 658 490 FRAGMENTA
681 423 1005 486 ASTRONOMICA.
1136 427 1196 490 405

178 554 285 635 nisque
300 551 387 610 unius
403 552 495 632 spatio
510 550 546 610 nh
560 559 627 610 ortu
642 546 680 608 sd
693 567 830 610 oooosum
846 567 907 608 sese
922 557 1086 610 moventem
1098 547 1137 608 nb
1150 567 1199 610 eo·

192 655 261 714 dem
275 664 385 736 puncto
399 653 436 712 sd
450 652 529 712 idem
545 661 686 733 punctum
701 651 822 710 restitui.
839 649 906 712 Haeo
920 663 1017 712 autem
1031 663 1074 712 est
1087 649 1198 734 sphera

192 757 276 816 astris
291 775 395 824 vacue,
414 776 479 837 quae
494 765 599 814 ceteros
614 753 739 836 sphaerss
753 773 852 814 secum
864 753 949 834 rupit.
964 751 1035 825 Quse
1045 766 1110 836 post
1121 752 1198 814 hono

192 858 284 924 venit,
301 868 399 918 octava
418 855 527 938 sphaero
542 857 694 938 proprium
708 854 796 914 hebet
811 865 925 914 motum
945 853 982 914 nb
1000 855 1149 918 oooidente
1165 857 1196 918 in

121 969 124 979 ‘
136 1023 139 1028 ,
154 1021 156 1026 ,
193 963 335 1022 orientem
344 986 350 1028 ;
359 959 411 1018 sed
423 980 513 1018 unam
525 970 637 1040 partem
649 969 781 1016 movetur
789 957 893 1018 eodem
902 977 1011 1025 versus,
1024 977 1083 1040 quo
1095 969 1124 1018 et
1135 959 1198 1020 uni·

193 1083 319 1130 uersum,
327 1063 402 1120 intre
407 1072 532 1122 eentum
543 1081 643 1127 sonos,
650 1061 710 1120 sive
719 1059 883 1120 secundum
890 1057 1041 1120 sliosintro
1049 1081 1140 1124 nnnos
1148 1059 1197 1130 66.

89 1223 91 1232 ,
193 1186 252 1247 quo
272 1186 370 1225 versus
390 1164 543 1246 proprium
563 1164 650 1224 etiem
671 1163 795 1222 restituit
814 1173 936 1222 motum.
955 1161 1069 1244 Iteque,
1092 1163 1114 1222 si
1137 1161 1199 1226 fieri

195 1278 291 1348 posset
310 1277 343 1326 ut
362 1265 493 1326 mundus
513 1287 565 1346 per
585 1267 625 1330 nli
647 1275 811 1346 temporum
835 1263 876 1344 [id
894 1276 932 1326 ost
950 1265 1093 1344 annornm]
1110 1264 1200 1326 mittis

195 1369 353 1432 immobilis
367 1380 511 1436 moneret,
524 1389 558 1428 es
571 1366 696 1428 naturali
708 1380 789 1428 motu
803 1388 892 1426 unam
904 1365 979 1428 hsuo
990 1367 1199 1430 revolutionem

194 1474 231 1533 sb
246 1475 356 1535 oriente
370 1475 401 1532 in
417 1471 597 1556 occidentem
614 1469 772 1551 perficeret.
792 1469 910 1530 Metitur
927 1471 1014 1530 mem
1028 1469 1199 1533 Ptolomeus

193 1576 376 1636 intervallum
394 1577 471 1635 inter
489 1573 540 1634 hes
564 1573 625 1634 duo
638 1572 763 1655 spherus
786 1572 843 1652 [sel
862 1574 952 1654 mum
975 1573 1106 1656 arrpuitun
1130 1575 1199 1634 inter

191 1701 284 1739 eorum
299 1700 380 1746 ones,
398 1677 482 1737 idest
499 1677 616 1758 ecliptioi
634 1675 847 1756 obliquitateml,
868 1687 898 1738 et
914 1679 1025 1738 invenit
1043 1675 1119 1740 ittud
1133 1697 1197 1760 per·

191 1782 265 1841 tium
282 1757 320 1841 23
335 1792 365 1841 et
378 1779 588 1864 particularum
600 1780 688 1862 primi
702 1779 812 1840 ordinis
825 1781 874 1840 52.
891 1780 1020 1863 Septimo
1033 1779 1143 1862 sphaere
1155 1791 1204 1875 est

192 1883 301 1970 sphaere
321 1883 455 1951 Saturni,
471 1903 536 1966 quie
555 1883 715 1943 restituitur
731 1882 911 1965 temporibus
928 1883 1032 1963 [nonu]
1053 1883 1103 1944 30.
1125 1881 1198 1956 Quo

194 1997 260 2066 post
273 2007 337 2046 earn
351 1999 406 2054 est,
421 1997 499 2046 sente
513 1997 556 2046 est
570 1987 661 2052 Joris,
679 2006 711 2046 ια
730 1985 909 2068 temporibus
926 1987 1030 2066 [aunis]
1047 1985 1199 2046 restitutio

193 2110 262 2150 nem
272 2089 393 2150 habens.
402 2089 513 2162 Quinte
524 2101 553 2149 et
568 2101 632 2171 post
643 2087 724 2148 illem
739 2100 781 2148 est
792 2088 905 2156 Mortis,
916 2109 981 2169 que
996 2085 1112 2148 duobus
1127 2097 1198 2148 tem·

189 2192 312 2274 'poribus
337 2193 440 2272 [ornis]
471 2203 499 2253 et
525 2193 622 2251 minus
642 2191 853 2252 restitutionem
874 2189 968 2252 hebet.
993 2190 1105 2263 Quarto
1124 2189 1199 2252 Solis

192 2307 248 2363 est,
266 2309 326 2356 urto
337 2306 468 2376 tempore
484 2283 581 2374 [enno]
597 2293 809 2352 restitutionem
821 2292 942 2353 hebens.
957 2293 1053 2354 Tertie
1064 2292 1197 2363 Veneris,

153 2402 158 2414 ¹
192 2419 257 2480 quse
269 2409 298 2458 et
311 2399 372 2482 ipss
385 2418 445 2457 uno
456 2409 586 2478 tempore
599 2397 699 2478 [anno]
713 2396 882 2456 restituitur.
898 2396 1031 2456 &cunda
1047 2395 1197 2463 Mercurii,

193 2521 257 2582 quae
267 2511 296 2560 et
310 2501 372 2583 ipse
389 2511 518 2581 tempore
531 2501 629 2579 [anno]
644 2493 704 2558 urio
715 2499 885 2558 restituitur.
899 2497 1007 2559 Ultimo
1022 2500 1157 2560 omnium
1170 2509 1199 2558 et

39 2638 42 2644 ·
82 2664 94 2670 ,,
194 2603 286 2684 prima
315 2601 398 2662 nobis
423 2603 513 2662 Luoae
535 2601 659 2684 sphaere,
681 2621 746 2683 quae
770 2599 874 2660 diebus
896 2602 935 2662 28
956 2601 1125 2662 restituitur.
1148 2600 1198 2660 Hae

193 2727 262 2788 ergo
281 2706 396 2788 spherae
415 2717 526 2787 septem
546 2725 645 2764 unum
662 2702 783 2784 singulae
803 2701 914 2764 stellam
934 2703 1043 2764 hebent
1064 2729 1069 2761 ε
1099 2713 1199 2764 oeteroe

194 2807 281 2874 stessae
294 2820 399 2868 octarae
414 2807 531 2890 sphaerae
550 2806 643 2866 infixus
663 2818 739 2866 sunt.
841 2851 842 2858 κ

235 2910 292 2970 ltlae
304 2922 402 2972 eutem
416 2921 544 2970 errantes
559 2907 648 2980 stelle
659 2929 710 2991 per
724 2908 776 2968 has
790 2907 914 2990 spherus
926 2920 1089 2978 transeunt,
1103 2910 1197 2970 altitu·

188 3016 334 3097 diuosque
349 3013 461 3074 hebent
473 3024 504 3073 et
522 3012 703 3095 dejectiones
715 3013 745 3071 in
763 3012 880 3074 electivo
895 3033 948 3072 suo
957 3014 1090 3094 ¹ipsorum
1106 3025 1196 3074 motu.

195 3117 330 3176 Attamen
341 3139 410 3178 cum
423 3115 536 3175 mundo
548 3114 620 3173 siens
631 3115 771 3174 revolutio
784 3115 914 3196 ipserum
931 3116 1062 3197 proprios
1078 3115 1199 3178 circulos

192 3219 268 3282 feeit.
285 3219 408 3300 Sphaerae
425 3219 504 3277 enim
525 3218 652 3299 ipserum
673 3216 822 3298 tripliciter·
841 3216 1021 3278 dividuntur.
1042 3216 1100 3278 Aut
1118 3218 1197 3278 enim

193 3323 358 3383 excentrica}
367 3332 435 3380 sunt
445 3343 513 3401 erga
524 3321 620 3380 Terrae
630 3331 776 3388 centrum,
790 3301 945 3388 recidero,
958 3331 1046 3402 etque
1055 3321 1198 3388 mundus,

194 3436 326 3486 centrum
340 3423 460 3492 hubent,
473 3433 501 3482 et
511 3421 571 3482 haec
584 3421 694 3504 sphera
708 3421 814 3480 dicitur
827 3421 932 3502 spissero
947 3420 1099 3482 altitudinis
1113 3435 1139 3481 et
1156 3421 1199 3480 de·

228 3606 242 3638 ⁴-
253 3603 284 3654 A,
298 3601 316 3646 B
328 3608 351 3647 et
363 3601 380 3646 C
392 3598 479 3647 hebent
491 3599 582 3665 siguum
592 3599 662 3653 sotis,
674 3597 738 3664 quod
750 3596 802 3646 vide
811 3598 835 3645 in
845 3597 904 3646 st.
915 3615 938 3652 n,
949 3602 974 3644 n·
989 3615 1026 3644 11.

229 3686 237 3710 ⁵
253 3681 312 3730 Vide
322 3681 412 3747 signum
423 3682 447 3730 in
459 3681 517 3730 Toh.
531 3682 667 3737 n,n⁰[13b.

228 3769 237 3794 ⁶
253 3765 312 3814 Vide
323 3766 415 3834 signum
424 3766 448 3813 in
459 3765 517 3813 st.
532 3785 556 3820 s,
569 3771 593 3814 n‘
606 3768 634 3818 ts
646 3785 667 3813 o.

229 3853 237 3878 ⁷
254 3849 311 3898 Vide
320 3849 444 3914 signumin
455 3847 512 3896 Teb.
526 3867 551 3904 u,
565 3854 589 3897 n⁰
603 3868 629 3898 to
643 3849 663 3896 b.
