2970 4822
312 407 370 470 th
603 404 798 468 THEONIS
820 403 1025 468 SMYRNAEI

307 530 468 598 Ptolemaei
490 550 554 594 non
576 529 680 595 levem
697 549 848 595 errorem.
869 525 1153 606 Quemadmodum
1172 528 1262 593 enim
1282 529 1334 595 'ab

308 641 522 708 inerrantihus
532 641 628 706 stellis
638 652 669 706 ct
683 641 856 728 aquinque
866 640 1075 706 erraticorum
1086 640 1212 728 apogeis
1224 642 1334 728 aequi-

309 754 413 820 noctia
424 753 592 827 recedunt,
605 753 650 819 sic
666 754 763 819 etiam
778 777 797 818 a
811 753 893 820 sotis
909 775 1027 842 apogeo
1043 753 1156 819 eadem
1173 754 1334 820 recedere

309 865 401 931 tacite
413 865 518 931 forsan
536 865 671 932 credidit
686 865 904 954 Hipparchum
917 865 973 931 sed
989 865 1051 932 hoc
1066 865 1254 932 Ptolemaeus
1268 889 1332 932 no·

310 979 380 1043 iuit.
399 978 493 1057 Quod
509 991 616 1044 autem
634 979 715 1046 Solis
731 1001 908 1068 apogeum,
931 1001 996 1045 non
1015 979 1113 1045 modo
1134 983 1207 1065 erga
1224 979 1331 1044 solsti-

310 1090 429 1156 tiorum
456 1091 787 1180 aequinoctiorumque
818 1101 957 1178 puncta,
982 1113 1095 1156 verum
1124 1089 1222 1156 ctiam
1250 1113 1331 1178 erga

310 1202 414 1268 stelias
435 1203 626 1278 inerrantes,
644 1204 802 1270 orientem
822 1225 932 1270 versus
947 1216 1103 1276 movetur,
1121 1203 1155 1270 id
1173 1225 1233 1271 nec
1248 1203 1331 1291 Hip-

312 1314 450 1401 parchus
479 1315 722 1388 animadvertit,
749 1338 856 1402 neque
885 1327 1155 1389 astronomorum,
1183 1337 1329 1403 quorum

313 1425 378 1490 huc
395 1447 496 1514 usque
513 1449 609 1514 opera
624 1427 846 1502 innotuerant,
864 1427 980 1516 aliquis
996 1440 1069 1493 ante
1086 1426 1294 1493 hlhatenium
1305 1428 1326 1493 ¹.

313 1535 418 1624 Atque
430 1537 526 1602 etiam
537 1536 739 1612 Alhatenius,
755 1561 773 1604 e
790 1539 882 1626 cujus
897 1540 1059 1606 notan'one
1076 1539 1186 1604 solaris
1198 1538 1327 1626 apogei,

314 1671 389 1713 cum
408 1648 518 1714 solaris
540 1649 650 1738 apogei
671 1650 733 1714 situ
755 1651 934 1716 secundum
954 1651 1175 1741 Hipparchum
1197 1650 1328 1724 coHata,

316 1761 369 1825 hic
381 1773 486 1826 motus
498 1761 609 1828 inferri
621 1774 738 1850 potest,
753 1785 817 1828 non
834 1763 902 1851 ipse
916 1776 1024 1828 tamen
1037 1785 1193 1850 apogeum
1205 1763 1329 1828 moveri

314 1895 386 1960 erga
401 1873 505 1938 stelias
520 1874 696 1939 inerrantes
708 1874 895 1948 affirmavit,
907 1875 963 1941 sed
976 1897 1049 1962 erga
1060 1874 1251 1962 aequinoctia
1259 1886 1330 1938 tan·

315 1997 400 2059 tum,
418 1997 449 2052 et
462 1997 588 2052 motum
604 1985 694 2051 hunc
704 1986 970 2072 aequinoctiorum
981 1986 1181 2074 praecessioni
1195 2009 1329 2073 aequum
1395 2057 1397 2060 ,

314 2096 425 2170 fecit23
448 2121 507 2164 nec
531 2098 622 2164 aliter
643 2099 740 2164 sensit
763 2098 984 2164 Ihn-Vounis³.
1008 2097 1104 2176 Quod
1130 2120 1205 2164 vero
1231 2119 1329 2164 nemo

315 2212 569 2299 exspectavisset,
584 2212 670 2300 apud
684 2213 851 2280 Theonem
866 2214 1071 2300 Smyrnaeum
1084 2210 1166 2278 Solis
1179 2210 1329 2300 apsidum

316 2334 457 2397 motum,
476 2323 516 2388 de
533 2346 597 2410 quo
613 2325 648 2389 in
664 2324 726 2390 hoc
742 2325 844 2413 capite
859 2323 980 2396 siletur,
999 2323 1033 2387 in
1051 2323 1154 2412 capite
1174 2345 1255 2388 xrvrr
1275 2323 1329 2388 ad-

316 2435 400 2500 mitti
423 2435 642 2511 videbimuss,
665 2438 720 2503 sed
735 2437 780 2504 ita
796 2439 884 2524 justo
903 2435 1059 2522 majorem
1083 2435 1168 2509 fieri,
1189 2447 1225 2500 ut
1247 2433 1330 2502 Solis

316 2567 489 2634 apogeum,
514 2549 673 2638 siquidem
695 2548 870 2637 Hipparchi
889 2560 1033 2636 tempore
1049 2548 1084 2612 in
1101 2547 1246 2614 Geminis
1262 2546 1330 2612 fue·

318 2768 411 2843 positio
426 2769 455 2823 iu
465 2771 562 2826 zodiaci
574 2770 752 2844 longitudine,
767 2789 820 2826 non
831 2781 934 2825 tentum
950 2775 973 2824 1⁰
987 2768 1329 2846 1',propteripsinsepogei

319 2873 433 2928 motum,
450 2865 495 2919 scd
508 2875 631 2939 preterea
644 2868 670 2924 [ι’
683 2865 750 2928 iere,
767 2875 875 2940 propter
888 2863 1103 2939 aequinoctiorum
1117 2863 1327 2938 processionem,

320 2958 390 3010 inter
403 2957 549 3032 Hipparchi
564 2970 589 3013 et
606 2959 738 3014 Ptolemaei
756 2969 874 3032 tempora
891 2955 989 3012 mutari
1003 2957 1102 3012 debuit.
1118 2957 1186 3010 Solis
1200 2974 1327 3031 apogeum

320 3067 390 3124 ergo,
398 3050 469 3124 quod
479 3052 623 3126 Hipparchi
633 3063 752 3126 tempore
761 3071 776 3106 a
785 3070 866 3107 veruo
874 3051 1027 3126 equinoctio
1037 3051 1148 3104 distabat
1157 3051 1211 3105 iere
1222 3053 1267 3105 65⁰
1278 3046 1327 3124 sle,

319 3125 456 3198 abeodem
466 3146 619 3218 aequinoctio
629 3164 682 3199 non
694 3148 739 3199 65⁰
749 3144 816 3207 sere,
827 3155 857 3198 ut
869 3144 906 3198 eit
914 3143 1067 3208 Delamhre‚
1078 3143 1124 3198 sed
1134 3146 1188 3216 71⁰,
1199 3142 1327 3197 Ptolemaei

320 3246 438 3312 tempore
454 3237 549 3293 distare
562 3239 659 3292 debuit.
673 3223 795 3293 Ceterum
814 3237 968 3302 Delamhre,
986 3238 1082 3292 erroris
1096 3238 1137 3291 sui
1150 3237 1260 3300 oblitus,
1275 3254 1328 3291 sese

320 3330 373 3384 aiio
385 3331 413 3384 in
426 3332 484 3386 loco
497 3331 603 3386 refellit.
618 3331 739 3405 (Histoire
752 3329 783 3385 de
795 3329 962 3385 l'dstronomie
974 3329 1007 3384 du
1020 3351 1104 3407 moyen
1110 3335 1171 3407 Age,
1183 3351 1209 3405 p.
1219 3331 1325 3402 98-99.)

359 3425 368 3454 ¹
390 3423 454 3477 Vide
466 3423 561 3497 Bailly,
572 3423 636 3480 Hist.
650 3423 681 3478 de
694 3425 806 3480 l'Astron.
821 3444 876 3478 ene.
888 3435 908 3478 t.
921 3427 947 3487 I,
957 3444 983 3499 p.
999 3426 1128 3481 rad-230.

358 3519 369 3549 ²
389 3517 455 3571 Vide
467 3517 621 3598 Delambre,
638 3517 745 3573 Histoire
757 3517 788 3572 ete
802 3517 968 3574 idstrunomie
983 3517 1017 3572 du
1034 3538 1117 3594 moym
1130 3523 1188 3592 age,
1205 3537 1230 3592 p.
1245 3517 1327 3574 atto

323 3621 349 3664 et
362 3614 407 3670 ht.

361 3706 371 3736 ³
392 3704 457 3760 Vide
469 3705 622 3767 Deismhre,
635 3704 704 3768 ibid,
718 3725 743 3778 p.
759 3709 802 3774 98.

362 3798 372 3828 ⁴
392 3797 458 3852 Vide
471 3799 550 3871 hujus
562 3798 625 3853 Dies.
639 3809 703 3872 part.
715 3799 754 3860 11,
767 3817 790 3853 c.
804 3817 839 3860 rr,
852 3796 865 3853 S
880 3798 920 3853 lt.
