3016 4826
489 422 545 484 DE
568 419 866 484 nsrnouottln.
1122 419 1178 480 381

174 566 258 628 ergo,
272 543 433 608 lambliclso
443 541 451 574 ¹
463 555 492 606 et
500 541 621 606 Proolo¹
633 541 815 626 reprehensi.
825 539 1022 623 epinyclorum
1033 542 1183 604 notionem

171 648 285 713 Platoni
298 645 479 715 tribuebant,
490 667 609 715 eorum,
625 656 659 706 ut
669 645 793 714 videtur,
805 642 940 706 nonnulli
954 645 1113 706 censebant
1126 642 1184 704 dic·

171 763 214 814 tas
226 751 339 830 Platoni
353 750 469 812 Sirenas
482 748 597 812 circulis
610 749 770 812 insidentes
782 767 845 808 esse
857 746 1009 830 epinyclos.
1028 747 1101 810 Vide
1114 747 1183 810 bos.

172 865 277 916 nostru
290 863 363 935 part.
377 853 416 922 ll,
429 874 454 912 c.
471 872 522 921 ιιι,
537 852 551 912 5
564 853 592 912 5.

607 1013 680 1066 Nora
700 1011 754 1065 KK.

455 1121 494 1176 nd
506 1141 529 1176 c.
544 1139 629 1184 usn,
645 1121 690 1176 sol.
707 1141 740 1177 ιο
755 1122 786 1184 b,
800 1141 826 1198 p.
844 1123 905 1180 add.

224 1309 358 1328 ·······
370 1261 1188 1345 renumerationem--..n-Quomodo

174 1368 259 1428 uncis
278 1365 397 1428 inclusae
415 1387 499 1428 voces
518 1388 536 1426 a
554 1364 673 1426 librario
693 1375 812 1448 propter
831 1362 1073 1444 bpcsmtluurcs,
1090 1374 1124 1426 ut
1142 1361 1187 1432 fit.

175 1470 289 1531 omissas
301 1471 372 1538 siut.
386 1470 417 1530 in
431 1479 500 1530 nota
510 1469 576 1528 imm
590 1469 703 1551 pagine
714 1467 859 1549 adscripta
874 1466 1010 1528 diximus.
1025 1466 1120 1549 Caput
1133 1465 1189 1528 boc

174 1571 342 1634 Chalcidius
359 1569 449 1632 lutiae
469 1582 580 1632 vertere
594 1571 703 1632 omisit.
719 1569 778 1632 Sed
797 1570 835 1632 de
854 1569 967 1632 librarii
988 1589 1087 1632 errore
1106 1570 1190 1632 etde

172 1693 290 1742 eorum,
307 1694 373 1758 quae
387 1673 521 1736 addenda
536 1673 669 1742 fuerunt,
685 1673 828 1734 sententie
847 1671 921 1734 nihil
940 1683 985 1734 est
1003 1671 1098 1735 dubii.
1117 1670 1190 1748 Quis

172 1778 253 1838 enim
265 1775 364 1838 credat
373 1775 531 1838 Adrastum
543 1788 596 1837 aut
605 1773 754 1840 Thoonem
767 1775 894 1838 voluisse
904 1775 1024 1858 sphera
1033 1775 1190 1838 inerrentis

173 1901 255 1942 axem
275 1880 436 1940 errantium
456 1877 607 1942 stellarum
622 1877 746 1964 alicujus
766 1879 877 1941 circulo
896 1901 959 1940 esse
977 1878 1015 1940 ed
1036 1877 1190 1962 perpendi·

173 1981 295 2044 culum?
315 1983 388 2057 Quis
409 2003 471 2042 non
491 1981 586 2044 videat
604 2003 687 2043 axem
707 1981 788 2044 hunc
808 1981 1004 2066 equinoctiali
1022 1981 1133 2044 circulo
1153 1980 1191 2042 ad

174 2083 417 2167 perpendiculum
436 2084 596 2146 dicendum
616 2105 679 2146 esse
691 2083 704 2142 l
718 2085 793 2160 Quis
812 2105 873 2146 uon
894 2084 990 2146 videat
1009 2085 1098 2146 etiam
1117 2107 1191 2146 mre

174 2187 307 2270 sphmrae,
329 2186 463 2246 medium
486 2188 607 2248 errantis
630 2188 699 2246 astri
720 2189 864 2269 cujusque
886 2197 1001 2248 motum
1023 2183 1190 2255 efficientis.

175 2311 259 2352 axem
271 2289 430 2352 dicendum
441 2309 505 2350 esse
515 2291 553 2350 ad
563 2288 811 2372 perpendiculum
825 2289 953 2372 planitie
966 2287 1079 2373 obliqui
1090 2289 1192 2352 circuli

174 2413 266 2476 quem
285 2403 395 2452 astrum
414 2391 579 2454 describere
599 2391 723 2462 ridetur,
744 2391 986 2476 quandoquidem
1006 2391 1146 2454 Adrastus
1164 2403 1192 2454 et

174 2494 277 2556 Theon
289 2493 492 2577 obliquitatem
502 2505 593 2556 totam
603 2494 789 2556 couceutrico
798 2494 908 2563 circulo
920 2493 1068 2565 tribuunt.
1078 2517 1113 2556 ac
1128 2494 1193 2556 nul·

175 2597 236 2662 lam
248 2600 312 2681 ejus
322 2609 433 2680 partem
446 2596 611 2679 epicyclo³l
623 2596 736 2658 ldcirco
749 2596 867 2679 sphaerae
879 2599 972 2681 plenu
985 2600 1059 2668 exis.
1070 2600 1124 2683 qui
1135 2599 1193 2682 epi-

177 2699 258 2792 cyelo
278 2699 313 2760 ed
334 2698 580 2783 perpendiculum
602 2711 659 2768 est.
682 2701 859 2782 positionem
879 2701 1008 2764 indicere
1024 2701 1191 2785 negligunt.

93 2783 97 2794 ’
178 2803 286 2864 scilicet
305 2804 374 2887 quia
394 2803 471 2864 hanc
490 2802 627 2864 eamdem
647 2823 712 2865 esse
731 2803 857 2866 credunt
875 2816 963 2888 etque
983 2827 1057 2866 cavae
1076 2805 1192 2887 spluerm
1266 2877 1270 2883 Δ

177 2907 251 2976 axis.
267 2907 319 2989 qui
334 2907 497 2968 excentrico
512 2905 550 2966 ad
566 2904 808 2987 perpendiculum
830 2917 885 2974 est.
901 2908 1086 2989 positionem.

613 3065 685 3118 Norn
707 3063 757 3116 Li..

463 3177 500 3229 nd
514 3195 536 3230 c.
551 3193 640 3238 xxnrr,
656 3175 699 3229 sol.
716 3194 745 3229 ιι
764 3175 794 3236 b,
807 3197 832 3249 p.
851 3195 912 3246 ²9⁰·

230 3343 363 3358 .......
375 3298 439 3358 οἷον
458 3301 493 3358 τὰ
513 3305 551 3374 φ,
572 3299 738 3378 cr).-.lnm
760 3299 789 3358 in
811 3297 954 3380 capitibus
974 3297 1059 3359 xxvi*
1074 3310 1103 3358 et
1122 3298 1195 3358 xxx‘

180 3398 290 3460 dixerat
302 3410 403 3460 auctor
417 3399 492 3460 Solis
507 3401 619 3462 medias
635 3423 651 3461 a
667 3401 755 3461 Terra
771 3399 920 3461 distantias
936 3413 965 3461 et
978 3400 1090 3462 medies
1111 3421 1196 3484 eppe·

215 3529 221 3554 ¹
240 3527 311 3595 Apud
322 3529 429 3578 Proelum
440 3531 480 3594 (ln
492 3529 547 3580 Tim.
557 3548 582 3598 p·
597 3533 643 3580 258
657 3548 670 3580 r
683 3529 721 3580 ed.
733 3549 769 3598 gr.
780 3530 858 3589 basil..
869 3549 894 3600 p.
907 3534 955 3582 625
967 3529 1123 3593 Schneideri).

214 3613 224 3639 ¹
241 3614 268 3662 lu
282 3612 338 3662 Tim.
350 3632 375 3681 p.
392 3633 435 3664 aar
448 3615 503 3664 red
515 3633 552 3683 gr.
566 3614 643 3674 east„
657 3634 682 3683 p.
694 3618 740 3668 ⁵34
751 3615 894 3666 Schneideri.

215 3699 224 3724 ⁸
241 3693 300 3746 Vide
310 3715 379 3763 supra
389 3697 489 3747 Theonis
500 3701 587 3748 Astron.
602 3718 623 3748 c.
635 3718 703 3749 ιιιιιι
716 3709 739 3748 ct
749 3719 811 3756 rm,
823 3711 846 3750 et
856 3700 915 3750 Dies.
928 3710 988 3767 part.
1003 3701 1036 3756 ll,
1053 3717 1072 3748 c.
1088 3716 1122 3754 ιι,
1135 3697 1145 3745 S
1158 3699 1195 3746 15.

216 3781 225 3806 ¹
242 3779 293 3828 Fol.
311 3781 338 3830 13
351 3799 373 3829 n.
1126 3781 1128 3785 ⁸

216 3867 224 3892 ¹
242 3864 292 3912 Ful.
311 3868 338 3914 ιδ
351 3866 372 3913 b.
